3326 5390
774 345 967 408 ,8-

260 521 398 605 recepit,
373 518 498 586 talia
534 543 577 584 ex
614 519 745 583 illorum
779 519 931 604 analogia
963 519 1009 583 ita
1040 518 1266 606 formavit,u
1266 520 1478 588 tGraecum

261 626 448 716 exemplum
471 635 583 712 aperte
606 624 760 704 referant.

265 807 267 813 ¹
296 755 298 760 ·
365 733 418 798 De
441 731 605 819 plerisque
629 741 685 796 aut
687 755 750 813 em,
774 753 857 821 quae
881 709 942 796 hoc
966 732 1072 817 capite
1096 734 1280 799 enarranda
1302 743 1391 818 sunt,
1413 736 1479 800 iam

261 822 331 925 egit
359 840 478 906 Franc.
508 838 625 905 Teufel
655 859 692 902 eo
719 838 845 922 libello,
869 839 962 903 cuius
985 861 1083 924 supra
1109 838 1247 906 fecimus
1269 843 1480 909 mentionem.

261 945 327 1012 Sed
347 956 592 1034 praeterquam
625 945 712 1032 quod
745 945 930 1030 singulares
961 945 1068 1030 modo,
1107 968 1186 1032 quas
1221 946 1348 1031 dicunt,
1382 969 1480 1015 voces

261 1045 467 1118 enumeravit
489 1054 542 1116 vir
565 1051 688 1136 doctus,
711 1050 796 1117 nihil
819 1050 900 1134 fere,
924 1073 986 1138 quo
1010 1050 1068 1115 illa
1093 1045 1179 1129 ἅπαξ
1202 1051 1348 1141 εἰρημένα
1374 1055 1479 1118 muni-

260 1169 384 1242 rentur,
412 1158 549 1224 addidit.
588 1157 875 1246 Supervacaneum
902 1167 1011 1224 autem
1034 1182 1108 1224 eum
1134 1169 1212 1246 puto
1235 1160 1392 1245 laborem,
1416 1184 1478 1248 quo

260 1269 394 1336 nomina
422 1267 557 1354 pmpria
583 1276 627 1350 et,
656 1288 740 1352 quae
761 1263 809 1348 lab
838 1268 886 1332 eis
913 1266 1063 1332 derivata
1088 1276 1175 1351 sunt,
1203 1268 1368 1334 adiectiva
1391 1269 1479 1356 apud

260 1398 362 1440 unum
389 1375 595 1459 Propertium
625 1372 723 1438 obvia
745 1371 897 1458 collegit:
927 1395 1010 1459 quae
1034 1381 1189 1459 congesta
1214 1396 1322 1461 neque
1352 1374 1395 1440 ad
1417 1375 1481 1442 elo

261 1483 427 1546 cntionem
449 1478 709 1564 intellegendam
737 1479 914 1566 quidquam
941 1481 1116 1566 proficiunt
1143 1500 1249 1567 neque
1272 1483 1404 1568 omnino
1426 1504 1480 1546 va-

261 1588 331 1653 lent
354 1587 396 1652 ad
418 1595 533 1673 poetae
563 1585 797 1671 cognitionem,
825 1587 891 1651 nisi
917 1608 992 1651 cum
1019 1585 1139 1652 fabulis
1167 1588 1245 1674 ipsis
1272 1587 1369 1653 simul
1397 1581 1480 1653 truce

261 1704 382 1760 tantur.
420 1691 576 1758 Attamen
604 1690 688 1756 illud
714 1691 858 1758 studium
885 1693 1023 1758 Teufelo
1053 1693 1282 1779 condonarem,
1306 1694 1479 1760 dummodo

261 1805 371 1868 o'mnia
394 1801 587 1888 diligentius
611 1799 796 1884 collegisset
819 1809 852 1866 et
870 1803 1058 1866 accuratius
1087 1802 1288 1876 excussisset
1318 1801 1480 1891 -Sed'non

262 1908 356 1975 modo
379 1907 498 1974 desunt
520 1906 608 1971 haud
630 1928 743 1993 pauca,
767 1905 858 1972 falsis
882 1909 980 1972 etiam
997 1908 1157 1994 exemplis
1175 1910 1306 1974 insertis
1324 1909 1480 1974 lectorem

262 2017 398 2083 fefellit:
430 2018 478 2080 sic
509 2015 771 2103 patronymicum
804 2011 983 2100 Nycteis’
1016 2015 1049 2099 I,
1080 2016 1114 2098 4,
1144 2016 1165 2080 5
1198 2019 1288 2082 inter
1316 2016 1435 2082 adiect
1412 2027 1481 2082 tiva

262 2124 444 2210 singularia
476 2121 640 2210 perhibet,
676 2112 762 2206 quod
796 2129 829 2184 et
862 2119 949 2208 apud
983 2063 1140 2186 Οι1ι11ιι1ιι
1173 2132 1248 2187 met.
1227 2125 1310 2205 t6,
1351 2123 1415 2190 110
1448 2133 1481 2189 et

263 2230 402 2296 Statium
417 2228 521 2294 Theb.
545 2228 573 2311 1,
591 2226 655 2294 190
678 2235 710 2291 et
725 2226 851 2314 Hygm
874 2227 938 2292 fab.
956 2227 973 2292 ‘l
1000 2237 1032 2292 et
1054 2227 1272 2314 1551eg1tur,
1297 2229 1479 2315 Lycotas'

263 2335 302 2418 V,
325 2335 354 2420 3,
380 2339 397 2401 1
422 2337 509 2400 inter
537 2356 620 2399 nom.
648 2353 754 2420 propr.
779 2345 1018 2417 commemorat,
1047 2336 1133 2423 quod
1162 2337 1261 2400 etiam
1285 2335 1380 2401 Ovid.
1403 2346 1479 2401 met.

267 2442 321 2527 12,
354 2439 420 2505 350
450 2439 568 2522 hahet3
603 2438 811 2528 ,Gygaeus’
844 2440 901 2525 IV,
936 2442 989 2524 10,
1021 2442 1061 2507 18
1095 2441 1236 2528 denique
1268 2440 1480 2524 adiectivum,

264 2546 350 2634 quod
373 2548 443 2632 ipse
466 2546 554 2632 apud
575 2546 720 2611 Plinium
744 2571 775 2611 ιι.
799 2547 829 2610 h.
853 2545 888 2629 5,
911 2549 953 2612 29
977 2547 1058 2631 (30),
1084 2549 1148 2614 110
1166 2557 1278 2613 extare
1297 2547 1481 2634 praedicat,

265 2676 323 2720 cur
346 2655 434 2719 inter
456 2652 638 2740 singularia
661 2653 839 2736 exhibeat,
852 2676 920 2719 non
942 2654 1108 2739 intellego.
1134 2653 1294 2720 Similiter
1317 2657 1415 2721 etiam
1439 2654 1480 2720 de

265 2759 352 2843 aliis,
382 2781 464 2845 quae
493 2769 675 2843 enumerat,
703 2759 903 2825 monendum
931 2761 1013 2842 erit,
1043 2783 1107 2847 qua
1134 2761 1326 2825 condicione
1351 2762 1482 2846 cognita

265 2889 360 2932 nemo
390 2866 529 2954 amplius
560 2875 706 2953 quaeret,
737 2889 872 2932 curnam
902 2866 1041 2982 eandem
1068 2868 1238 2972 materiam
1266 2866 1373 2932 denuo
1400 2876 1481 2933 trac-

265 2973 398 3040 tandam
421 2996 482 3059 ego
505 2969 600 3040 mihi
609 2975 840 3060 proposuerim.
915 2971 917 2986 ‘

372 3077 551 3146 Grammat
527 3089 592 3144 t1co
606 3089 725 3162 autem,
749 3087 785 3156 ut
803 3078 908 3142 solent
923 3076 964 3142 de
980 3078 1071 3143 hisce
1086 3077 1184 3160 rebus
1200 3079 1256 3165 qui
1273 3081 1480 3190 scripserunt,

266 3153 381 3252 ordine
403 3165 606 3273 progrediar,
627 3209 666 3253 ac
688 3188 830 3274 primum
853 3183 985 3271 quidem
1008 3183 1181 3270 proferam,
1205 3185 1288 3272 quae
1310 3181 1415 3252 habeo
1477 3265 1480 3272 Ι

551 3397 555 3406 ,
625 3374 629 3378 ·
733 3341 1001 3418 substantiva.

267 3497 468 3588 ,adsosaus’
490 3500 529 3583 V,
556 3478 608 3584 11,
627 3497 687 3564 50:

426 3630 610 3722 ,Quaelibet
633 3640 777 3697 austeras
799 3630 841 3695 de
864 3653 916 3694 me
939 3630 1023 3695 ferat
1045 3651 1129 3694 urna
1150 3625 1304 3698 tabellas:

460 3739 620 3826 *Turpior
642 3735 802 3827 adsessu
823 3759 889 3802 non
913 3738 975 3802 erit
998 3735 1066 3801 ulla
1088 3733 1177 3818 meo'‚

269 3872 310 3938 de
333 3892 395 3957 quo
417 3870 650 3942 Lachmannus
673 3869 839 3956 adsessu
862 3868 1073 3936 hauddubie
1096 3890 1211 3934 verum
1235 3879 1293 3952 est,
1315 3872 1375 3934 etsi
1398 3869 1484 3935 liber

268 3977 372 4043 bonus
388 3986 542 4078 agnoscat
557 3976 675 4060 nullus,
698 3976 756 4042 sed
779 3975 967 4042 adsensus
985 3974 1182 4063 plerique.
1184 3973 1351 4041 Adsessus’
1376 3986 1484 4041 autem

268 4094 318 4150 est
342 4079 442 4150 actus
456 4069 639 4168 adsidendi,
666 4091 703 4147 ut
731 4079 914 4170 consessus’
944 4091 996 4146 act
997 4104 1052 4146 um
1081 4035 1288 4146 considendi
1301 4073 1485 4166 significat,

270 4181 356 4280 dixit
388 4191 489 4276 igitur
520 4187 551 4253 h.
583 4189 603 4253 l.
635 4198 746 4276 poeta:
779 4187 863 4252 nulli
895 4187 1063 4270 feminae,
1083 4199 1222 4273 quacum
1254 4186 1370 4252 sedere
1401 4184 1483 4252 mihi

269 4295 393 4430 licebit,
417 4293 570 4394 dedecori
594 4317 657 4361 ero.

270 4440 466 4533 cantamen
487 4438 527 4523 V,
549 4439 580 4522 4,
603 4437 658 4503 51

380 4573 458 4660 Ο
481 4575 607 4641 utinam
629 4573 778 4658 magicae
801 4591 928 4644 nossem
952 4527 1174 4642 cantamina
1195 4523 1350 4634 Musael’
