3326 5390
676 351 890 418 ,27-

440 531 554 617 ,Inrita
576 530 706 618 decepti
731 539 807 595 vota
829 529 998 595 colentis
1023 527 1127 594 erunt’

173 658 261 723 dixit
275 661 333 744 pro
350 655 483 744 poloni&
507 657 632 721 Tamen
650 666 682 721 et
698 654 781 720 illud
796 655 1046 741 Propertianum
1066 654 1154 719 haud
1179 655 1224 718 ita
1247 652 1391 718 alienum

174 773 223 829 est
246 789 265 830 a
288 766 452 830 communi
475 765 633 828 sermonis
655 786 729 845 usu,
753 783 814 849 quo
838 759 961 847 ,arator’
982 763 1114 826 omnino
1134 760 1175 824 de
1195 759 1392 930 agrimdsslfe
1463 843 1465 847 ι

173 894 284 958 saepe,
311 893 545 957 nonnunquam
568 869 679 957 ,arare'
703 869 744 935 de
769 869 922 934 universo
945 869 1077 954 negotio
1101 869 1278 952 agrestium
1302 889 1322 930 a
1369 867 1392 928 i-

172 977 326 1060 bebatur,
351 978 391 1042 cf.
415 1000 540 1065 quoque
565 980 600 1041 in
623 999 690 1064 sqq.
713 974 866 1063 ,aratum'.

278 1085 403 1150 Neutro
426 1107 558 1171 genere,
582 1083 701 1171 plurali
725 1103 878 1148 numero:

172 1223 316 1294 stantia
339 1228 485 1294 absolute
508 1229 648 1316 positum
672 1249 729 1314 pro
753 1226 857 1292 solida
880 1235 979 1309 terra,
1003 1247 1094 1308 saxo,
1114 1225 1299 1290 firmissimo
1318 1245 1392 1310 quo·

172 1356 235 1420 que
258 1334 297 1418 V,
321 1333 356 1419 5,
382 1337 435 1419 12,
459 1335 516 1400 ubi
540 1334 582 1400 de
606 1334 682 1400 lena
705 1334 859 1422 quadam:

332 1459 471 1547 ,Quippe
497 1469 541 1541 et,
566 1457 711 1524 Collinas
734 1459 777 1523 ad
799 1459 916 1523 fossam
939 1459 1078 1522 moverit
1101 1454 1232 1538 herbas,

375 1565 529 1632 Stantia
551 1569 697 1632 currenti
722 1566 928 1631 diluerentur
946 1562 1047 1651 aqua’.

172 1703 350 1774 sonantia
372 1730 430 1794 pro
454 1708 533 1773 locis
557 1706 762 1773 sonantibus:

238 1829 277 1914 V,
302 1831 335 1913 9,
358 1829 402 1896 35
425 1831 548 1916 ,Fontis
573 1855 674 1918 egens
699 1854 770 1896 erro
794 1833 946 1919 circaque
970 1832 1150 1896 sonantia
1172 1828 1334 1917 lymphis’.

171 1963 268 2045 Quod
291 1963 415 2028 dictum
438 1975 475 2029 ut
497 1987 517 2029 a
540 1966 737 2030 coniecturis
761 1966 853 2032 nulla
875 1969 1070 2032 necessitate
1085 1966 1257 2052 propositis
1280 1964 1391 2028 defen-

170 2069 300 2154 derent,
316 2069 438 2135 similia
458 2069 648 2136 adtulerunt
663 2063 894 2138 Lachmannus
912 2071 1096 2160 patientia,
1111 2070 1245 2137 Hertzb.
1260 2079 1391 2157 praeter

170 2186 280 2242 cetera
306 2177 391 2241 Plin.
418 2201 449 2241 n.
479 2177 509 2241 h.
536 2177 616 2261 XII,
646 2180 700 2262 28,
728 2181 809 2262 (61),
841 2181 904 2246 132
932 2179 1094 2267 ,sitientia’
1127 2189 1159 2244 et
1190 2177 1287 2244 Ovid,
1313 2186 1388 2242 met

169 2283 203 2367 5,
227 2283 310 2350 405:

351 2402 487 2488 ,Perque
510 2401 600 2466 lacus
624 2400 705 2467 altos
729 2413 762 2468 et
784 2402 908 2467 olentia
930 2402 1053 2468 sulfure
1077 2400 1199 2483 fertur',

169 2547 265 2612 quem
289 2526 395 2591 locum
419 2526 461 2592 ad
476 2527 638 2612 Propertii
663 2512 832 2612 exemplar
851 2527 1053 2614 conpositum
1077 2549 1156 2608 esse,
1180 2523 1294 2590 eodem
1316 2525 1388 2588 viro

168 2632 262 2698 docto
286 2632 506 2698 contendente
530 2633 595 2698 non
618 2655 747 2718 negem.

274 2739 446 2826 Participii
470 2739 592 2805 deinde
615 2741 764 2826 perfecti,
788 2739 967 2804 masculino
991 2760 1129 2824 genere:
1226 2775 1229 2780 ·

169 2875 356 2966 cognitus.
387 2881 439 2947 De
463 2884 666 2967 commercio,
690 2882 775 2969 quod
795 2891 843 2946 est
861 2870 944 2946 viros
956 2903 1030 2945 cum
1048 2880 1180 2961 femina,
1205 2888 1237 2943 et
1255 2880 1387 2944 omnino

167 2987 305 3054 verbum
337 2988 551 3075 ,cognoscere'
583 3012 680 3076 saepe
712 2998 887 3075 usurpatur
919 2996 952 3052 et
982 2986 1148 3074 ,cognitus’
1176 2988 1386 3074 participium

169 3098 338 3162 invenitur
361 3096 449 3183 apud
472 3095 550 3162 Stat.
572 3094 695 3160 Achill.
718 3097 751 3179 2,
775 3096 859 3162 228:

486 3269 502 3306 ,.
518 3267 526 3286 .
542 3267 549 3284 .
565 3268 572 3284 .
589 3223 687 3286 tacito
712 3223 776 3286 iam
800 3221 932 3306 cognita
954 3220 1040 3286 furto

486 3326 662 3392 Deidamia
685 3327 775 3392 mihi'
802 3351 866 3416 eqs.

169 3469 206 3528 et·
224 3459 312 3547 apud
327 3461 478 3526 Tacitum
502 3460 575 3526 hist.
591 3462 621 3544 4,
643 3463 688 3527 44
712 3462 877 3549 ,Octavius
894 3463 1044 3528 Pontiam
1059 3462 1252 3543 Postumam,
1276 3469 1386 3546 stupro

168 3570 333 3654 cognitam
366 3576 399 3632 et
425 3571 556 3655 nuptias
583 3591 656 3634 suas
681 3568 892 3652 abnuentem,
919 3571 1080 3655 impotens
1109 3567 1227 3632 amoris
1255 3565 1387 3631 interfe-

168 3674 275 3741 cerat’.
297 3675 412 3760 Longe
436 3674 502 3740 alia
524 3686 634 3741 autem
658 3684 707 3741 est
730 3675 880 3741 condicio
904 3677 939 3740 in
963 3675 1020 3740 illo
1042 3674 1137 3760 Prop.
1158 3673 1222 3758 ΠΙ,
1245 3674 1302 3758 27,
1326 3672 1387 3738 33;

275 3800 357 3886 ,Non
381 3822 442 3886 ego
466 3809 532 3865 tam
556 3800 681 3866 facilis:
705 3809 754 3866 sat
777 3803 841 3866 erit
863 3800 945 3865 mihi
970 3801 1150 3886 cognitus
1173 3821 1270 3881 unus,

325 3906 388 3971 Vel
412 3916 449 3972 tu
471 3906 525 3972 vel
549 3909 651 3994 siquis
674 3909 783 3972 verior
807 3930 877 3972 esse
900 3905 1022 3994 potest',

166 4039 224 4106 ubi
252 4039 419 4128 ,cognitus'
447 4064 507 4127 per
533 4065 568 4107 se
596 4043 716 4128 ipsum,
743 4039 841 4127 plane
869 4039 1066 4123 absolutum,
1097 4039 1185 4105 idem
1212 4049 1261 4106 est
1288 4048 1384 4128 atque

166 4147 316 4235 ,amator’,
339 4149 432 4213 ‘cuius
454 4147 609 4213 dictionis
632 4170 698 4213 non
722 4149 835 4213 inveni
859 4145 950 4212 aliud
973 4147 1169 4234 exemplum.

168 4311 171 4320 .
272 4255 396 4320 Neutro
419 4276 542 4340 genere
565 4257 690 4341 primus
713 4254 828 4320 habet:

166 4359 213 4426 Ut
235 4359 381 4448 ,arantes'
404 4383 463 4448 pro
486 4361 651 4447 agricolis,
674 4363 722 4428 sio
745 4360 894 4430 aratum
917 4361 1072 4428 absolute·
1086 4383 1144 4448 pro
1168 4384 1263 4448 agro:

324 4490 350 4575 I,
374 4489 403 4574 6,
427 4490 470 4556 32
494 4540 991 4578 .................
1014 4495 1159 4578 seuque

499 4596 610 4685 Lydia
631 4597 756 4664 Pactoli
779 4599 880 4685 tingit
902 4606 1009 4664 arata
1032 4596 1154 4686 liquor',
