<?xml version="1.0" encoding="UTF-8"?>
<!DOCTYPE html PUBLIC "-//W3C//DTD XHTML 1.0 Transitional//EN"
    "http://www.w3.org/TR/xhtml1/DTD/xhtml1-transitional.dtd">
<html xmlns="http://www.w3.org/1999/xhtml" xml:lang="en" lang="en">
 <head>
  <title>
</title>
<meta http-equiv="Content-Type" content="text/html;charset=utf-8" />
  <meta name='ocr-system' content='tesseract 3.04.00' />
  <meta name='ocr-capabilities' content='ocr_page ocr_carea ocr_par ocr_line ocrx_word'/>
</head>
<body>
  <div class='ocr_page' id='page_1' title='image "./depropertioserm00schngoog_0042.png"; bbox 0 0 3326 5390; ppageno 0'>
   <div class='ocr_carea' id='block_1_1' title="bbox 658 437 873 500">
    <p class='ocr_par' dir='ltr' id='par_1_1' title="bbox 658 437 873 500">
     <span class='ocr_line' id='line_1_1' title="bbox 658 437 873 500; baseline 0.005 -15"><span class='ocrx_word' id='word_1_1' title='bbox 658 437 873 500; x_wconf 68' lang='lat'><strong>-37,</strong></span> 
     </span>
    </p>
   </div>
   <div class='ocr_carea' id='block_1_2' title="bbox 151 615 1373 811">
    <p class='ocr_par' dir='ltr' id='par_1_2' title="bbox 151 615 1373 811">
     <span class='ocr_line' id='line_1_2' title="bbox 151 615 1371 703; baseline 0 -23"><span class='ocrx_word' id='word_1_2' title='bbox 151 639 213 702; x_wconf 88' lang='lat' dir='ltr'><strong>pro</strong></span> <span class='ocrx_word' id='word_1_3' title='bbox 229 617 369 701; x_wconf 84' lang='lat' dir='ltr'><strong>coniuge</strong></span> <span class='ocrx_word' id='word_1_4' title='bbox 387 625 444 680; x_wconf 88' lang='lat' dir='ltr'><strong>aut</strong></span> <span class='ocrx_word' id='word_1_5' title='bbox 457 615 573 702; x_wconf 86' lang='lat' dir='ltr'><strong>puella¹</strong></span> <span class='ocrx_word' id='word_1_6' title='bbox 586 625 693 680; x_wconf 88' lang='lat' dir='ltr'><strong>amata</strong></span> <span class='ocrx_word' id='word_1_7' title='bbox 708 617 896 702; x_wconf 71' lang='lat' dir='ltr'><strong>usurpavit,</strong></span> <span class='ocrx_word' id='word_1_8' title='bbox 920 625 1027 702; x_wconf 87' lang='lat' dir='ltr'><strong>atque,</strong></span> <span class='ocrx_word' id='word_1_9' title='bbox 1051 619 1086 682; x_wconf 91' lang='lat' dir='ltr'><strong>in</strong></span> <span class='ocrx_word' id='word_1_10' title='bbox 1111 616 1228 703; x_wconf 92' lang='lat' dir='ltr'><strong>quibus</strong></span> <span class='ocrx_word' id='word_1_11' title='bbox 1252 619 1371 682; x_wconf 87' lang='lat' dir='ltr'><strong>iterum</strong></span> 
     </span>
     <span class='ocr_line' id='line_1_3' title="bbox 155 721 1373 811; baseline -0.002 -24"><span class='ocrx_word' id='word_1_12' title='bbox 155 721 309 789; x_wconf 82' lang='lat' dir='ltr'><strong>dubitare</strong></span> <span class='ocrx_word' id='word_1_13' title='bbox 331 732 435 809; x_wconf 88' lang='lat' dir='ltr'><strong>potes,</strong></span> <span class='ocrx_word' id='word_1_14' title='bbox 463 721 572 788; x_wconf 88' lang='lat' dir='ltr'><strong>utrum</strong></span> <span class='ocrx_word' id='word_1_15' title='bbox 594 724 725 810; x_wconf 80' lang='lat' dir='ltr'><strong>proprie</strong></span> <span class='ocrx_word' id='word_1_16' title='bbox 749 746 791 787; x_wconf 93' lang='lat' dir='ltr'><strong>an</strong></span> <span class='ocrx_word' id='word_1_17' title='bbox 814 722 970 788; x_wconf 76' lang='lat' dir='ltr'><strong>translate</strong></span> <span class='ocrx_word' id='word_1_18' title='bbox 994 725 1149 811; x_wconf 80' lang='lat' dir='ltr'><strong>accipias,</strong></span> <span class='ocrx_word' id='word_1_19' title='bbox 1176 723 1258 788; x_wconf 88' lang='lat' dir='ltr'><strong>haee</strong></span> <span class='ocrx_word' id='word_1_20' title='bbox 1282 732 1373 790; x_wconf 91' lang='lat' dir='ltr'><strong>sunt:</strong></span> 
     </span>
    </p>
   </div>
   <div class='ocr_carea' id='block_1_3' title="bbox 245 831 1269 1049">
    <p class='ocr_par' dir='ltr' id='par_1_3' title="bbox 245 831 1269 1049">
     <span class='ocr_line' id='line_1_4' title="bbox 245 831 1269 943; baseline 0.001 -23"><span class='ocrx_word' id='word_1_21' title='bbox 245 855 309 940; x_wconf 84' lang='lat' dir='ltr'><strong>IH,</strong></span> <span class='ocrx_word' id='word_1_22' title='bbox 332 855 388 940; x_wconf 97' lang='grc'><strong>32,</strong></span> <span class='ocrx_word' id='word_1_23' title='bbox 415 856 454 920; x_wconf 80' lang='grc'><strong>11</strong></span> <span class='ocrx_word' id='word_1_24' title='bbox 479 855 606 943; x_wconf 64' lang='lat' dir='ltr'><strong>,Lecto</strong></span> <span class='ocrx_word' id='word_1_25' title='bbox 629 865 662 920; x_wconf 88' lang='lat' dir='ltr'><strong>te</strong></span> <span class='ocrx_word' id='word_1_26' title='bbox 685 831 802 940; x_wconf 82' lang='lat' dir='ltr'><strong>solum,</strong></span> <span class='ocrx_word' id='word_1_27' title='bbox 825 854 927 920; x_wconf 85' lang='lat' dir='ltr'><strong>lecto</strong></span> <span class='ocrx_word' id='word_1_28' title='bbox 949 865 982 920; x_wconf 91' lang='lat' dir='ltr'><strong>te</strong></span> <span class='ocrx_word' id='word_1_29' title='bbox 1006 855 1164 943; x_wconf 81' lang='lat' dir='ltr'><strong>deprecor</strong></span> <span class='ocrx_word' id='word_1_30' title='bbox 1187 855 1269 939; x_wconf 91' lang='lat' dir='ltr'><strong>uno’,</strong></span> 
     </span>
     <span class='ocr_line' id='line_1_5' title="bbox 293 961 1131 1049; baseline -0.002 -22"><span class='ocrx_word' id='word_1_31' title='bbox 293 962 333 1047; x_wconf 95' lang='lat' dir='ltr'><strong>V,</strong></span> <span class='ocrx_word' id='word_1_32' title='bbox 357 963 390 1047; x_wconf 89' lang='lat'><strong>8,</strong></span> <span class='ocrx_word' id='word_1_33' title='bbox 413 961 455 1027; x_wconf 92' lang='grc'>28</span> <span class='ocrx_word' id='word_1_34' title='bbox 480 963 613 1049; x_wconf 65' lang='lat' dir='ltr'><strong>,Mutato</strong></span> <span class='ocrx_word' id='word_1_35' title='bbox 636 962 725 1027; x_wconf 89' lang='lat' dir='ltr'><strong>volui</strong></span> <span class='ocrx_word' id='word_1_36' title='bbox 750 971 855 1028; x_wconf 84' lang='lat' dir='ltr'><strong>eastre</strong></span> <span class='ocrx_word' id='word_1_37' title='bbox 877 985 1008 1028; x_wconf 89' lang='lat' dir='ltr'><strong>movere</strong></span> <span class='ocrx_word' id='word_1_38' title='bbox 1032 961 1131 1028; x_wconf 91' lang='lat' dir='ltr'><strong>toro&#39;.</strong></span> 
     </span>
    </p>
   </div>
   <div class='ocr_carea' id='block_1_4' title="bbox 158 1101 473 1170">
    <p class='ocr_par' dir='ltr' id='par_1_4' title="bbox 158 1101 473 1170">
     <span class='ocr_line' id='line_1_6' title="bbox 158 1101 473 1170; baseline -0.003 -2"><span class='ocrx_word' id='word_1_39' title='bbox 158 1101 258 1170; x_wconf 77' lang='lat' dir='ltr'><strong>Certa</strong></span> <span class='ocrx_word' id='word_1_40' title='bbox 279 1126 357 1169; x_wconf 90' lang='lat' dir='ltr'><strong>vero</strong></span> <span class='ocrx_word' id='word_1_41' title='bbox 380 1112 473 1170; x_wconf 86' lang='lat' dir='ltr'><strong>sunt:</strong></span> 
     </span>
    </p>
   </div>
   <div class='ocr_carea' id='block_1_5' title="bbox 277 1234 1285 1536">
    <p class='ocr_par' dir='ltr' id='par_1_5' title="bbox 277 1234 1285 1536">
     <span class='ocr_line' id='line_1_7' title="bbox 284 1234 1254 1322; baseline 0 -22"><span class='ocrx_word' id='word_1_42' title='bbox 284 1235 331 1319; x_wconf 89' lang='lat' dir='ltr'><strong>H,</strong></span> <span class='ocrx_word' id='word_1_43' title='bbox 355 1235 388 1320; x_wconf 87' lang='lat'><strong>6,</strong></span> <span class='ocrx_word' id='word_1_44' title='bbox 412 1234 454 1300; x_wconf 90' lang='grc'><strong>23</strong></span> <span class='ocrx_word' id='word_1_45' title='bbox 478 1235 586 1322; x_wconf 60' lang='lat' dir='ltr'><strong>,Felix</strong></span> <span class='ocrx_word' id='word_1_46' title='bbox 608 1234 742 1300; x_wconf 87' lang='lat' dir='ltr'><strong>Admeti</strong></span> <span class='ocrx_word' id='word_1_47' title='bbox 766 1237 910 1300; x_wconf 83' lang='lat' dir='ltr'><strong>coniunx</strong></span> <span class='ocrx_word' id='word_1_48' title='bbox 934 1246 967 1302; x_wconf 91' lang='lat' dir='ltr'><strong>et</strong></span> <span class='ocrx_word' id='word_1_49' title='bbox 989 1235 1113 1302; x_wconf 84' lang='lat' dir='ltr'><strong>lectus</strong></span> <span class='ocrx_word' id='word_1_50' title='bbox 1136 1235 1254 1320; x_wconf 81' lang='lat' dir='ltr'>Ulixis,</span> 
     </span>
     <span class='ocr_line' id='line_1_8' title="bbox 537 1341 1285 1428; baseline 0.004 -22"><span class='ocrx_word' id='word_1_51' title='bbox 537 1341 581 1406; x_wconf 77' lang='lat' dir='ltr'><strong>Et</strong></span> <span class='ocrx_word' id='word_1_52' title='bbox 604 1364 796 1428; x_wconf 79' lang='lat' dir='ltr'><strong>quacunque</strong></span> <span class='ocrx_word' id='word_1_53' title='bbox 820 1344 884 1407; x_wconf 88' lang='lat' dir='ltr'><strong>viri</strong></span> <span class='ocrx_word' id='word_1_54' title='bbox 908 1342 1032 1407; x_wconf 86' lang='lat' dir='ltr'><strong>femina</strong></span> <span class='ocrx_word' id='word_1_55' title='bbox 1054 1342 1156 1410; x_wconf 90' lang='lat' dir='ltr'><strong>limen</strong></span> <span class='ocrx_word' id='word_1_56' title='bbox 1180 1343 1285 1427; x_wconf 87' lang='lat' dir='ltr'><strong>amat&#39;,</strong></span> 
     </span>
     <span class='ocr_line' id='line_1_9' title="bbox 277 1447 1203 1536; baseline 0 -22"><span class='ocrx_word' id='word_1_57' title='bbox 277 1449 334 1533; x_wconf 93' lang='lat' dir='ltr'><strong>IV,</strong></span> <span class='ocrx_word' id='word_1_58' title='bbox 360 1450 413 1534; x_wconf 93' lang='grc'><strong>11,</strong></span> <span class='ocrx_word' id='word_1_59' title='bbox 437 1450 457 1514; x_wconf 89' lang='lat'>6</span> <span class='ocrx_word' id='word_1_60' title='bbox 480 1449 534 1534; x_wconf 71' lang='lat' dir='ltr'><strong>,Et</strong></span> <span class='ocrx_word' id='word_1_61' title='bbox 555 1449 701 1536; x_wconf 91' lang='lat' dir='ltr'><strong>quisquis</strong></span> <span class='ocrx_word' id='word_1_62' title='bbox 724 1447 789 1513; x_wconf 91' lang='lat' dir='ltr'><strong>fido</strong></span> <span class='ocrx_word' id='word_1_63' title='bbox 812 1448 968 1535; x_wconf 88' lang='lat' dir='ltr'><strong>praetulit</strong></span> <span class='ocrx_word' id='word_1_64' title='bbox 990 1472 1081 1514; x_wconf 85' lang='lat' dir='ltr'><strong>arma</strong></span> <span class='ocrx_word' id='word_1_65' title='bbox 1103 1448 1203 1514; x_wconf 91' lang='lat' dir='ltr'><strong>toro&#39;.</strong></span> 
     </span>
    </p>
   </div>
   <div class='ocr_carea' id='block_1_6' title="bbox 155 1593 1377 2212">
    <p class='ocr_par' dir='ltr' id='par_1_6' title="bbox 155 1593 1376 1999">
     <span class='ocr_line' id='line_1_10' title="bbox 155 1593 1375 1682; baseline 0.001 -25"><span class='ocrx_word' id='word_1_66' title='bbox 155 1593 278 1658; x_wconf 88' lang='lat' dir='ltr'><strong>Mirum</strong></span> <span class='ocrx_word' id='word_1_67' title='bbox 306 1594 343 1658; x_wconf 93' lang='lat' dir='ltr'><strong>in</strong></span> <span class='ocrx_word' id='word_1_68' title='bbox 370 1593 502 1658; x_wconf 87' lang='lat' dir='ltr'><strong>modum</strong></span> <span class='ocrx_word' id='word_1_69' title='bbox 529 1602 703 1680; x_wconf 90' lang='lat' dir='ltr'><strong>utrumque</strong></span> <span class='ocrx_word' id='word_1_70' title='bbox 730 1593 814 1657; x_wconf 92' lang='lat' dir='ltr'><strong>Plin.</strong></span> <span class='ocrx_word' id='word_1_71' title='bbox 838 1595 957 1659; x_wconf 87' lang='lat' dir='ltr'><strong>iterum</strong></span> <span class='ocrx_word' id='word_1_72' title='bbox 980 1594 1131 1682; x_wconf 81' lang='lat' dir='ltr'><strong>praebet:</strong></span> <span class='ocrx_word' id='word_1_73' title='bbox 1156 1593 1260 1681; x_wconf 69' lang='lat' dir='ltr'><strong>,torus’</strong></span> <span class='ocrx_word' id='word_1_74' title='bbox 1286 1597 1375 1660; x_wconf 89' lang='lat' dir='ltr'><strong>enim</strong></span> 
     </span>
     <span class='ocr_line' id='line_1_11' title="bbox 157 1699 1376 1788; baseline 0.002 -24"><span class='ocrx_word' id='word_1_75' title='bbox 157 1699 316 1782; x_wconf 83' lang='lat' dir='ltr'>XXXIV,</span> <span class='ocrx_word' id='word_1_76' title='bbox 339 1699 360 1765; x_wconf 87' lang='grc'><strong>3</strong></span> <span class='ocrx_word' id='word_1_77' title='bbox 383 1699 440 1784; x_wconf 85' lang='grc'>(6),</span> <span class='ocrx_word' id='word_1_78' title='bbox 470 1699 511 1765; x_wconf 93' lang='grc'><strong>12</strong></span> <span class='ocrx_word' id='word_1_79' title='bbox 538 1722 596 1785; x_wconf 89' lang='lat' dir='ltr'><strong>pro</strong></span> <span class='ocrx_word' id='word_1_80' title='bbox 624 1701 791 1786; x_wconf 78' lang='lat' dir='ltr'><strong>coniugi0,</strong></span> <span class='ocrx_word' id='word_1_81' title='bbox 814 1701 957 1784; x_wconf 90' lang='lat' dir='ltr'>XXXV,</span> <span class='ocrx_word' id='word_1_82' title='bbox 982 1702 1024 1767; x_wconf 91' lang='lat'><strong>10</strong></span> <span class='ocrx_word' id='word_1_83' title='bbox 1047 1700 1131 1786; x_wconf 85' lang='lat'><strong>(36),</strong></span> <span class='ocrx_word' id='word_1_84' title='bbox 1159 1701 1199 1768; x_wconf 80' lang='lat'><strong>87</strong></span> <span class='ocrx_word' id='word_1_85' title='bbox 1223 1722 1281 1788; x_wconf 88' lang='lat' dir='ltr'><strong>pro</strong></span> <span class='ocrx_word' id='word_1_86' title='bbox 1305 1703 1376 1788; x_wconf 91' lang='lat' dir='ltr'><strong>ipsa</strong></span> 
     </span>
     <span class='ocr_line' id='line_1_12' title="bbox 158 1803 1375 1896; baseline 0.002 -24"><span class='ocrx_word' id='word_1_87' title='bbox 158 1808 298 1892; x_wconf 81' lang='lat' dir='ltr'><strong>coniuge</strong></span> <span class='ocrx_word' id='word_1_88' title='bbox 331 1806 425 1872; x_wconf 84' lang='lat' dir='ltr'><strong>dixit</strong></span> <span class='ocrx_word' id='word_1_89' title='bbox 457 1807 509 1871; x_wconf 91' lang='lat' dir='ltr'><strong>De</strong></span> <span class='ocrx_word' id='word_1_90' title='bbox 542 1803 646 1892; x_wconf 70' lang='lat' dir='ltr'><strong>,torus’</strong></span> <span class='ocrx_word' id='word_1_91' title='bbox 679 1827 759 1871; x_wconf 88' lang='lat' dir='ltr'><strong>voee</strong></span> <span class='ocrx_word' id='word_1_92' title='bbox 791 1806 933 1895; x_wconf 87' lang='lat' dir='ltr'><strong>denique</strong></span> <span class='ocrx_word' id='word_1_93' title='bbox 964 1830 1023 1896; x_wconf 89' lang='lat' dir='ltr'><strong>pro</strong></span> <span class='ocrx_word' id='word_1_94' title='bbox 1055 1817 1150 1874; x_wconf 85' lang='lat' dir='ltr'><strong>noete</strong></span> <span class='ocrx_word' id='word_1_95' title='bbox 1180 1807 1238 1893; x_wconf 87' lang='lat' dir='ltr'><strong>IV,</strong></span> <span class='ocrx_word' id='word_1_96' title='bbox 1269 1809 1324 1894; x_wconf 92' lang='grc'><strong>20,</strong></span> <span class='ocrx_word' id='word_1_97' title='bbox 1354 1809 1375 1874; x_wconf 94' lang='grc'>2</span> 
     </span>
     <span class='ocr_line' id='line_1_13' title="bbox 157 1908 509 1999; baseline -0.011 -20"><span class='ocrx_word' id='word_1_98' title='bbox 157 1913 247 1979; x_wconf 86' lang='lat' dir='ltr'><strong>dieta</strong></span> <span class='ocrx_word' id='word_1_99' title='bbox 268 1911 335 1977; x_wconf 79' lang='lat' dir='ltr'><strong>vid.</strong></span> <span class='ocrx_word' id='word_1_100' title='bbox 357 1933 431 1999; x_wconf 88' lang='lat' dir='ltr'><strong>pag.</strong></span> <span class='ocrx_word' id='word_1_101' title='bbox 455 1908 509 1977; x_wconf 88' lang='lat'><strong>49.</strong></span> 
     </span>
    </p>

    <p class='ocr_par' dir='ltr' id='par_1_7' title="bbox 158 2019 1377 2212">
     <span class='ocr_line' id='line_1_14' title="bbox 263 2019 1375 2111; baseline 0.004 -28"><span class='ocrx_word' id='word_1_102' title='bbox 263 2019 339 2084; x_wconf 88' lang='lat' dir='ltr'><strong>Hue</strong></span> <span class='ocrx_word' id='word_1_103' title='bbox 371 2039 497 2106; x_wconf 88' lang='lat' dir='ltr'><strong>quoque</strong></span> <span class='ocrx_word' id='word_1_104' title='bbox 529 2021 674 2104; x_wconf 87' lang='lat' dir='ltr'><strong>pertinet</strong></span> <span class='ocrx_word' id='word_1_105' title='bbox 705 2021 891 2086; x_wconf 87' lang='lat' dir='ltr'><strong>notissimus</strong></span> <span class='ocrx_word' id='word_1_106' title='bbox 924 2021 982 2086; x_wconf 92' lang='lat' dir='ltr'><strong>ille</strong></span> <span class='ocrx_word' id='word_1_107' title='bbox 1014 2044 1103 2106; x_wconf 89' lang='lat' dir='ltr'><strong>usus,</strong></span> <span class='ocrx_word' id='word_1_108' title='bbox 1135 2044 1198 2111; x_wconf 91' lang='lat' dir='ltr'><strong>quo</strong></span> <span class='ocrx_word' id='word_1_109' title='bbox 1230 2045 1286 2088; x_wconf 83' lang='lat' dir='ltr'><strong>eas</strong></span> <span class='ocrx_word' id='word_1_110' title='bbox 1315 2045 1375 2108; x_wconf 90' lang='lat' dir='ltr'><strong>res,</strong></span> 
     </span>
     <span class='ocr_line' id='line_1_15' title="bbox 158 2123 1377 2212; baseline 0.003 -22"><span class='ocrx_word' id='word_1_111' title='bbox 158 2123 276 2212; x_wconf 88' lang='lat' dir='ltr'><strong>quibus</strong></span> <span class='ocrx_word' id='word_1_112' title='bbox 308 2134 413 2190; x_wconf 78' lang='lat' dir='ltr'><strong>certos</strong></span> <span class='ocrx_word' id='word_1_113' title='bbox 445 2125 521 2191; x_wconf 88' lang='lat' dir='ltr'><strong>deos</strong></span> <span class='ocrx_word' id='word_1_114' title='bbox 553 2147 704 2212; x_wconf 85' lang='lat' dir='ltr'><strong>praeesse</strong></span> <span class='ocrx_word' id='word_1_115' title='bbox 736 2126 907 2212; x_wconf 88' lang='lat' dir='ltr'><strong>putabant,</strong></span> <span class='ocrx_word' id='word_1_116' title='bbox 946 2129 1044 2194; x_wconf 90' lang='lat' dir='ltr'><strong>etiam</strong></span> <span class='ocrx_word' id='word_1_117' title='bbox 1076 2130 1208 2194; x_wconf 89' lang='lat' dir='ltr'><strong>nomine</strong></span> <span class='ocrx_word' id='word_1_118' title='bbox 1242 2127 1377 2194; x_wconf 87' lang='lat' dir='ltr'><strong>deorum</strong></span> 
     </span>
    </p>
   </div>
   <div class='ocr_carea' id='block_1_7' title="bbox 158 2338 1430 2751">
    <p class='ocr_par' dir='ltr' id='par_1_8' title="bbox 158 2338 1430 2751">
     <span class='ocr_line' id='line_1_16' title="bbox 159 2338 1376 2428; baseline 0.002 -24"><span class='ocrx_word' id='word_1_119' title='bbox 159 2363 233 2404; x_wconf 92' lang='lat' dir='ltr'><strong>oum</strong></span> <span class='ocrx_word' id='word_1_120' title='bbox 256 2338 354 2404; x_wconf 91' lang='lat' dir='ltr'><strong>rebus</strong></span> <span class='ocrx_word' id='word_1_121' title='bbox 371 2340 581 2404; x_wconf 78' lang='lat' dir='ltr'><strong>coniunctum</strong></span> <span class='ocrx_word' id='word_1_122' title='bbox 604 2348 758 2426; x_wconf 88' lang='lat' dir='ltr'><strong>tanquam</strong></span> <span class='ocrx_word' id='word_1_123' title='bbox 774 2341 810 2404; x_wconf 90' lang='lat' dir='ltr'><strong>in</strong></span> <span class='ocrx_word' id='word_1_124' title='bbox 830 2341 878 2404; x_wconf 90' lang='lat' dir='ltr'><strong>eis</strong></span> <span class='ocrx_word' id='word_1_125' title='bbox 896 2339 1045 2406; x_wconf 86' lang='lat' dir='ltr'><strong>habitare</strong></span> <span class='ocrx_word' id='word_1_126' title='bbox 1065 2342 1225 2428; x_wconf 88' lang='lat' dir='ltr'><strong>putabant</strong></span> <span class='ocrx_word' id='word_1_127' title='bbox 1239 2352 1376 2408; x_wconf 85' lang='lat' dir='ltr'><strong>veteres.</strong></span> 
     </span>
     <span class='ocr_line' id='line_1_17' title="bbox 158 2445 1375 2536; baseline 0.002 -26"><span class='ocrx_word' id='word_1_128' title='bbox 158 2446 329 2532; x_wconf 80' lang='lat' dir='ltr'><strong>Frequens</strong></span> <span class='ocrx_word' id='word_1_129' title='bbox 361 2455 470 2511; x_wconf 90' lang='lat' dir='ltr'><strong>autem</strong></span> <span class='ocrx_word' id='word_1_130' title='bbox 501 2447 537 2510; x_wconf 93' lang='lat' dir='ltr'><strong>in</strong></span> <span class='ocrx_word' id='word_1_131' title='bbox 571 2445 731 2511; x_wconf 87' lang='lat' dir='ltr'><strong>eiusmodi</strong></span> <span class='ocrx_word' id='word_1_132' title='bbox 768 2447 1065 2533; x_wconf 84' lang='lat' dir='ltr'><strong>significationibus</strong></span> <span class='ocrx_word' id='word_1_133' title='bbox 1099 2458 1148 2513; x_wconf 89' lang='lat' dir='ltr'><strong>est</strong></span> <span class='ocrx_word' id='word_1_134' title='bbox 1178 2449 1375 2536; x_wconf 78' lang='lat' dir='ltr'><strong>Propertius,</strong></span> 
     </span>
     <span class='ocr_line' id='line_1_18' title="bbox 158 2550 1430 2641; baseline 0.003 -23"><span class='ocrx_word' id='word_1_135' title='bbox 158 2555 214 2641; x_wconf 92' lang='lat' dir='ltr'><strong>qui</strong></span> <span class='ocrx_word' id='word_1_136' title='bbox 245 2575 288 2618; x_wconf 85' lang='lat' dir='ltr'><strong>ex</strong></span> <span class='ocrx_word' id='word_1_137' title='bbox 317 2576 378 2618; x_wconf 89' lang='lat' dir='ltr'><strong>usu</strong></span> <span class='ocrx_word' id='word_1_138' title='bbox 408 2554 571 2618; x_wconf 78' lang='lat' dir='ltr'><strong>communi</strong></span> <span class='ocrx_word' id='word_1_139' title='bbox 601 2550 730 2640; x_wconf 60' lang='lat' dir='ltr'><strong>Amor’</strong></span> <span class='ocrx_word' id='word_1_140' title='bbox 761 2562 793 2618; x_wconf 90' lang='lat' dir='ltr'><strong>et</strong></span> <span class='ocrx_word' id='word_1_141' title='bbox 820 2553 968 2639; x_wconf 74' lang='lat' dir='ltr'><strong>,Venus’</strong></span> <span class='ocrx_word' id='word_1_142' title='bbox 990 2557 1110 2640; x_wconf 88' lang='lat' dir='ltr'><strong>passim</strong></span> <span class='ocrx_word' id='word_1_143' title='bbox 1134 2577 1171 2621; x_wconf 96' lang='lat' dir='ltr'><strong>eo</strong></span> <span class='ocrx_word' id='word_1_144' title='bbox 1202 2577 1299 2622; x_wconf 90' lang='lat' dir='ltr'><strong>sensu</strong></span> <span class='ocrx_word' id='word_1_145' title='bbox 1323 2556 1376 2622; x_wconf 88' lang='lat' dir='ltr'><strong>ad·</strong></span> <span class='ocrx_word' id='word_1_146' title='bbox 1426 2552 1430 2560; x_wconf 72' lang='grc'>’</span> 
     </span>
     <span class='ocr_line' id='line_1_19' title="bbox 159 2657 1376 2751; baseline 0.006 -28"><span class='ocrx_word' id='word_1_147' title='bbox 159 2659 276 2724; x_wconf 82' lang='lat' dir='ltr'><strong>hibuit</strong></span> <span class='ocrx_word' id='word_1_148' title='bbox 314 2657 381 2751; x_wconf 82' lang='lat' dir='ltr'><strong>Sed</strong></span> <span class='ocrx_word' id='word_1_149' title='bbox 403 2670 439 2725; x_wconf 92' lang='lat' dir='ltr'><strong>ut</strong></span> <span class='ocrx_word' id='word_1_150' title='bbox 461 2662 653 2747; x_wconf 82' lang='lat' dir='ltr'><strong>perspicias,</strong></span> <span class='ocrx_word' id='word_1_151' title='bbox 682 2671 803 2747; x_wconf 82' lang='lat' dir='ltr'><strong>quante</strong></span> <span class='ocrx_word' id='word_1_152' title='bbox 825 2663 867 2726; x_wconf 89' lang='lat' dir='ltr'><strong>sit</strong></span> <span class='ocrx_word' id='word_1_153' title='bbox 890 2663 926 2726; x_wconf 91' lang='lat' dir='ltr'><strong>in</strong></span> <span class='ocrx_word' id='word_1_154' title='bbox 952 2661 1121 2748; x_wconf 86' lang='lat' dir='ltr'><strong>Propertio</strong></span> <span class='ocrx_word' id='word_1_155' title='bbox 1148 2666 1320 2729; x_wconf 90' lang='lat' dir='ltr'><strong>numinum</strong></span> <span class='ocrx_word' id='word_1_156' title='bbox 1344 2675 1376 2730; x_wconf 89' lang='lat' dir='ltr'><strong>et</strong></span> 
     </span>
    </p>
   </div>
   <div class='ocr_carea' id='block_1_8' title="bbox 157 2766 1378 2940">
    <p class='ocr_par' dir='ltr' id='par_1_9' title="bbox 157 2766 1378 2940">
     <span class='ocr_line' id='line_1_20' title="bbox 157 2766 1375 2858; baseline 0.004 -26"><span class='ocrx_word' id='word_1_157' title='bbox 157 2789 268 2832; x_wconf 88' lang='lat' dir='ltr'><strong>rerum</strong></span> <span class='ocrx_word' id='word_1_158' title='bbox 292 2766 446 2850; x_wconf 74' lang='lat' dir='ltr'><strong>confinio,</strong></span> <span class='ocrx_word' id='word_1_159' title='bbox 470 2769 638 2855; x_wconf 90' lang='lat' dir='ltr'><strong>utriusque</strong></span> <span class='ocrx_word' id='word_1_160' title='bbox 666 2791 768 2832; x_wconf 90' lang='lat' dir='ltr'><strong>unum</strong></span> <span class='ocrx_word' id='word_1_161' title='bbox 795 2768 958 2854; x_wconf 86' lang='lat' dir='ltr'><strong>proferam</strong></span> <span class='ocrx_word' id='word_1_162' title='bbox 987 2770 1173 2858; x_wconf 87' lang='lat' dir='ltr'><strong>exemplum</strong></span> <span class='ocrx_word' id='word_1_163' title='bbox 1201 2772 1375 2854; x_wconf 77' lang='lat' dir='ltr'><strong>audaeius3</strong></span> 
     </span>
     <span class='ocr_line' id='line_1_21' title="bbox 158 2874 1378 2940; baseline 0.003 -1"><span class='ocrx_word' id='word_1_164' title='bbox 158 2874 272 2940; x_wconf 85' lang='lat' dir='ltr'><strong>huius:</strong></span> <span class='ocrx_word' id='word_1_165' title='bbox 1376 2877 1378 2880; x_wconf 69' lang='grc'><strong>’</strong></span> 
     </span>
    </p>
   </div>
   <div class='ocr_carea' id='block_1_9' title="bbox 158 3005 1374 3200">
    <p class='ocr_par' dir='ltr' id='par_1_10' title="bbox 158 3005 1374 3200">
     <span class='ocr_line' id='line_1_22' title="bbox 306 3005 1374 3094; baseline 0.005 -23"><span class='ocrx_word' id='word_1_166' title='bbox 306 3006 332 3090; x_wconf 92' lang='grc' dir='ltr'><strong>Ι,</strong></span> <span class='ocrx_word' id='word_1_167' title='bbox 358 3007 385 3085; x_wconf 91' lang='grc'><strong>1,</strong></span> <span class='ocrx_word' id='word_1_168' title='bbox 409 3005 451 3072; x_wconf 90' lang='grc'><strong>33</strong></span> <span class='ocrx_word' id='word_1_169' title='bbox 476 3008 523 3093; x_wconf 67' lang='lat' dir='ltr'><strong>,In</strong></span> <span class='ocrx_word' id='word_1_170' title='bbox 547 3031 599 3073; x_wconf 90' lang='lat' dir='ltr'><strong>me</strong></span> <span class='ocrx_word' id='word_1_171' title='bbox 624 3016 756 3072; x_wconf 88' lang='lat' dir='ltr'><strong>nostra</strong></span> <span class='ocrx_word' id='word_1_172' title='bbox 777 3007 908 3073; x_wconf 90' lang='lat' dir='ltr'><strong>Venus</strong></span> <span class='ocrx_word' id='word_1_173' title='bbox 933 3017 1044 3073; x_wconf 80' lang='lat' dir='ltr'><strong>noctes</strong></span> <span class='ocrx_word' id='word_1_174' title='bbox 1072 3021 1205 3076; x_wconf 83' lang='lat' dir='ltr'><strong>exercet</strong></span> <span class='ocrx_word' id='word_1_175' title='bbox 1232 3009 1374 3094; x_wconf 85' lang='lat' dir='ltr'><strong>amaras&#39;,</strong></span> 
     </span>
     <span class='ocr_line' id='line_1_23' title="bbox 158 3111 1324 3200; baseline 0.006 -25"><span class='ocrx_word' id='word_1_176' title='bbox 158 3111 247 3176; x_wconf 89' lang='lat' dir='ltr'><strong>illius</strong></span> <span class='ocrx_word' id='word_1_177' title='bbox 269 3112 328 3194; x_wconf 91' lang='lat' dir='ltr'><strong>HI,</strong></span> <span class='ocrx_word' id='word_1_178' title='bbox 355 3112 404 3194; x_wconf 85' lang='lat'><strong>19,</strong></span> <span class='ocrx_word' id='word_1_179' title='bbox 427 3113 447 3177; x_wconf 88' lang='lat'>6</span> <span class='ocrx_word' id='word_1_180' title='bbox 472 3112 555 3198; x_wconf 66' lang='lat' dir='ltr'><strong>,Ille</strong></span> <span class='ocrx_word' id='word_1_181' title='bbox 579 3122 666 3178; x_wconf 90' lang='lat' dir='ltr'><strong>tuus</strong></span> <span class='ocrx_word' id='word_1_182' title='bbox 689 3136 837 3200; x_wconf 87' lang='lat' dir='ltr'><strong>pennas</strong></span> <span class='ocrx_word' id='word_1_183' title='bbox 860 3124 925 3180; x_wconf 87' lang='lat' dir='ltr'><strong>tam</strong></span> <span class='ocrx_word' id='word_1_184' title='bbox 950 3117 1013 3180; x_wconf 84' lang='lat' dir='ltr'><strong>cito</strong></span> <span class='ocrx_word' id='word_1_185' title='bbox 1036 3117 1158 3181; x_wconf 89' lang='lat' dir='ltr'><strong>vertit</strong></span> <span class='ocrx_word' id='word_1_186' title='bbox 1180 3113 1324 3182; x_wconf 61' lang='lat' dir='ltr'><strong>Amor?</strong></span> 
     </span>
    </p>
   </div>
   <div class='ocr_carea' id='block_1_10' title="bbox 157 3251 1374 3450">
    <p class='ocr_par' dir='ltr' id='par_1_11' title="bbox 157 3251 1374 3450">
     <span class='ocr_line' id='line_1_24' title="bbox 157 3251 1374 3344; baseline 0.005 -24"><span class='ocrx_word' id='word_1_187' title='bbox 157 3255 242 3320; x_wconf 85' lang='lat' dir='ltr'><strong>Nam</strong></span> <span class='ocrx_word' id='word_1_188' title='bbox 275 3251 392 3340; x_wconf 78' lang='lat' dir='ltr'><strong>,Amor&#39;</strong></span> <span class='ocrx_word' id='word_1_189' title='bbox 424 3276 489 3321; x_wconf 90' lang='lat' dir='ltr'><strong>non</strong></span> <span class='ocrx_word' id='word_1_190' title='bbox 523 3254 629 3342; x_wconf 73' lang='lat' dir='ltr'><strong>,emor&#39;</strong></span> <span class='ocrx_word' id='word_1_191' title='bbox 661 3255 693 3320; x_wconf 89' lang='lat' dir='ltr'><strong>h.</strong></span> <span class='ocrx_word' id='word_1_192' title='bbox 723 3257 743 3320; x_wconf 93' lang='lat' dir='ltr'><strong>l.</strong></span> <span class='ocrx_word' id='word_1_193' title='bbox 773 3266 851 3344; x_wconf 91' lang='lat' dir='ltr'><strong>puto</strong></span> <span class='ocrx_word' id='word_1_194' title='bbox 882 3257 1091 3324; x_wconf 82' lang='lat' dir='ltr'><strong>scribendum</strong></span> <span class='ocrx_word' id='word_1_195' title='bbox 1122 3282 1192 3324; x_wconf 88' lang='lat' dir='ltr'><strong>esse</strong></span> <span class='ocrx_word' id='word_1_196' title='bbox 1220 3262 1344 3327; x_wconf 87' lang='lat' dir='ltr'><strong>eritieis</strong></span> <span class='ocrx_word' id='word_1_197' title='bbox 1354 3261 1374 3342; x_wconf 91' lang='lat'><strong>¹,</strong></span> 
     </span>
     <span class='ocr_line' id='line_1_25' title="bbox 157 3363 346 3450; baseline 0 -24"><span class='ocrx_word' id='word_1_198' title='bbox 157 3363 213 3450; x_wconf 92' lang='lat' dir='ltr'><strong>qui</strong></span> <span class='ocrx_word' id='word_1_199' title='bbox 236 3371 346 3427; x_wconf 89' lang='lat' dir='ltr'><strong>tamen</strong></span> 
     </span>
    </p>
   </div>
   <div class='ocr_carea' id='block_1_11' title="bbox 215 3492 1306 3586">
    <p class='ocr_par' dir='ltr' id='par_1_12' title="bbox 215 3492 1306 3586">
     <span class='ocr_line' id='line_1_26' title="bbox 215 3492 1306 3586; baseline 0.006 -27"><span class='ocrx_word' id='word_1_200' title='bbox 215 3495 240 3580; x_wconf 90' lang='lat' dir='ltr'><strong>I,</strong></span> <span class='ocrx_word' id='word_1_201' title='bbox 264 3495 294 3580; x_wconf 89' lang='grc'><strong>9,</strong></span> <span class='ocrx_word' id='word_1_202' title='bbox 317 3495 360 3561; x_wconf 91' lang='grc'><strong>23</strong></span> <span class='ocrx_word' id='word_1_203' title='bbox 386 3493 512 3581; x_wconf 75' lang='lat' dir='ltr'><strong>,Nullus</strong></span> <span class='ocrx_word' id='word_1_204' title='bbox 535 3492 651 3559; x_wconf 85' lang='lat' dir='ltr'><strong>Amor</strong></span> <span class='ocrx_word' id='word_1_205' title='bbox 674 3498 826 3582; x_wconf 79' lang='lat' dir='ltr'><strong>cuiquam</strong></span> <span class='ocrx_word' id='word_1_206' title='bbox 849 3497 963 3562; x_wconf 78' lang='lat' dir='ltr'><strong>faciles</strong></span> <span class='ocrx_word' id='word_1_207' title='bbox 986 3501 1033 3564; x_wconf 88' lang='lat' dir='ltr'><strong>ita</strong></span> <span class='ocrx_word' id='word_1_208' title='bbox 1055 3499 1207 3586; x_wconf 89' lang='lat' dir='ltr'><strong>praebuit</strong></span> <span class='ocrx_word' id='word_1_209' title='bbox 1230 3500 1306 3566; x_wconf 87' lang='lat' dir='ltr'><strong>elas&#39;</strong></span> 
     </span>
    </p>
   </div>
   <div class='ocr_carea' id='block_1_12' title="bbox 158 3633 1374 3942">
    <p class='ocr_par' dir='ltr' id='par_1_13' title="bbox 158 3633 1374 3942">
     <span class='ocr_line' id='line_1_27' title="bbox 159 3633 1373 3729; baseline 0.007 -30"><span class='ocrx_word' id='word_1_210' title='bbox 159 3633 279 3700; x_wconf 81' lang='lat' dir='ltr'><strong>excudi</strong></span> <span class='ocrx_word' id='word_1_211' title='bbox 308 3637 477 3721; x_wconf 87' lang='lat' dir='ltr'><strong>iusserint,</strong></span> <span class='ocrx_word' id='word_1_212' title='bbox 509 3636 566 3701; x_wconf 93' lang='lat' dir='ltr'><strong>ubi</strong></span> <span class='ocrx_word' id='word_1_213' title='bbox 599 3636 696 3702; x_wconf 89' lang='lat' dir='ltr'><strong>falsos</strong></span> <span class='ocrx_word' id='word_1_214' title='bbox 727 3660 808 3721; x_wconf 87' lang='lat' dir='ltr'><strong>esse,</strong></span> <span class='ocrx_word' id='word_1_215' title='bbox 841 3641 896 3726; x_wconf 91' lang='lat' dir='ltr'><strong>qui</strong></span> <span class='ocrx_word' id='word_1_216' title='bbox 930 3639 1055 3726; x_wconf 51' lang='lat' dir='ltr'><strong>‘nullus’</strong></span> <span class='ocrx_word' id='word_1_217' title='bbox 1089 3640 1289 3708; x_wconf 86' lang='lat' dir='ltr'><strong>adieetivum</strong></span> <span class='ocrx_word' id='word_1_218' title='bbox 1315 3665 1373 3729; x_wconf 90' lang='lat' dir='ltr'><strong>pro</strong></span> 
     </span>
     <span class='ocr_line' id='line_1_28' title="bbox 158 3740 1374 3831; baseline 0.005 -24"><span class='ocrx_word' id='word_1_219' title='bbox 158 3740 333 3829; x_wconf 52' lang='lat' dir='ltr'><strong>‘nusquam&#39;</strong></span> <span class='ocrx_word' id='word_1_220' title='bbox 357 3741 514 3809; x_wconf 88' lang='lat' dir='ltr'><strong>adverbio</strong></span> <span class='ocrx_word' id='word_1_221' title='bbox 538 3742 605 3807; x_wconf 85' lang='lat' dir='ltr'><strong>diei</strong></span> <span class='ocrx_word' id='word_1_222' title='bbox 630 3743 944 3831; x_wconf 84' lang='lat' dir='ltr'><strong>interpretabantur,</strong></span> <span class='ocrx_word' id='word_1_223' title='bbox 971 3746 1055 3811; x_wconf 90' lang='lat' dir='ltr'><strong>alter</strong></span> <span class='ocrx_word' id='word_1_224' title='bbox 1077 3747 1134 3812; x_wconf 92' lang='lat' dir='ltr'><strong>ille</strong></span> <span class='ocrx_word' id='word_1_225' title='bbox 1158 3748 1247 3816; x_wconf 85' lang='lat' dir='ltr'><strong>loeus</strong></span> <span class='ocrx_word' id='word_1_226' title='bbox 1271 3748 1374 3815; x_wconf 83' lang='lat' dir='ltr'><strong>docet.</strong></span> 
     </span>
     <span class='ocr_line' id='line_1_29' title="bbox 262 3851 1120 3942; baseline 0.006 -26"><span class='ocrx_word' id='word_1_227' title='bbox 262 3851 363 3916; x_wconf 89' lang='lat' dir='ltr'><strong>Paulo</strong></span> <span class='ocrx_word' id='word_1_228' title='bbox 386 3853 499 3937; x_wconf 91' lang='lat' dir='ltr'><strong>rarius,</strong></span> <span class='ocrx_word' id='word_1_229' title='bbox 518 3852 576 3918; x_wconf 89' lang='lat' dir='ltr'><strong>sed</strong></span> <span class='ocrx_word' id='word_1_230' title='bbox 600 3862 633 3917; x_wconf 90' lang='lat' dir='ltr'><strong>et</strong></span> <span class='ocrx_word' id='word_1_231' title='bbox 655 3863 731 3919; x_wconf 88' lang='lat' dir='ltr'><strong>ante</strong></span> <span class='ocrx_word' id='word_1_232' title='bbox 756 3855 789 3919; x_wconf 83' lang='lat' dir='ltr'><strong>et</strong></span> <span class='ocrx_word' id='word_1_233' title='bbox 810 3864 882 3942; x_wconf 88' lang='lat' dir='ltr'><strong>post</strong></span> <span class='ocrx_word' id='word_1_234' title='bbox 903 3856 1120 3942; x_wconf 89' lang='lat' dir='ltr'><strong>Propertium,</strong></span> 
     </span>
    </p>
   </div>
   <div class='ocr_carea' id='block_1_13' title="bbox 156 4008 1374 4427">
    <p class='ocr_par' dir='ltr' id='par_1_14' title="bbox 156 4008 1374 4427">
     <span class='ocr_line' id='line_1_30' title="bbox 158 4008 1373 4102; baseline 0.007 -29"><span class='ocrx_word' id='word_1_235' title='bbox 158 4008 359 4096; x_wconf 64' lang='lat' dir='ltr'><strong>,Bacchus&#39;</strong></span> <span class='ocrx_word' id='word_1_236' title='bbox 380 4009 506 4076; x_wconf 85' lang='lat' dir='ltr'><strong>dictum</strong></span> <span class='ocrx_word' id='word_1_237' title='bbox 528 4021 576 4077; x_wconf 90' lang='lat' dir='ltr'><strong>est</strong></span> <span class='ocrx_word' id='word_1_238' title='bbox 594 4015 717 4098; x_wconf 85' lang='lat' dir='ltr'><strong>vinum,</strong></span> <span class='ocrx_word' id='word_1_239' title='bbox 733 4014 774 4079; x_wconf 89' lang='lat' dir='ltr'><strong>ab</strong></span> <span class='ocrx_word' id='word_1_240' title='bbox 791 4016 860 4101; x_wconf 91' lang='lat' dir='ltr'><strong>ipso</strong></span> <span class='ocrx_word' id='word_1_241' title='bbox 874 4015 899 4098; x_wconf 91' lang='lat' dir='ltr'><strong>I,</strong></span> <span class='ocrx_word' id='word_1_242' title='bbox 917 4015 944 4098; x_wconf 89' lang='grc'><strong>3,</strong></span> <span class='ocrx_word' id='word_1_243' title='bbox 962 4016 996 4098; x_wconf 90' lang='grc'><strong>9,</strong></span> <span class='ocrx_word' id='word_1_244' title='bbox 1019 4015 1183 4090; x_wconf 86' lang='lat' dir='ltr'><strong>Ieeehus</strong></span> <span class='ocrx_word' id='word_1_245' title='bbox 1204 4017 1250 4101; x_wconf 92' lang='lat' dir='ltr'><strong>H,</strong></span> <span class='ocrx_word' id='word_1_246' title='bbox 1270 4018 1298 4102; x_wconf 89' lang='lat'><strong>3,</strong></span> <span class='ocrx_word' id='word_1_247' title='bbox 1318 4017 1373 4102; x_wconf 78' lang='grc'><strong>17,</strong></span> 
     </span>
     <span class='ocr_line' id='line_1_31' title="bbox 157 4116 1374 4205; baseline 0.008 -25"><span class='ocrx_word' id='word_1_248' title='bbox 157 4116 312 4203; x_wconf 82' lang='lat' dir='ltr'><strong>Lyaeus</strong></span> <span class='ocrx_word' id='word_1_249' title='bbox 344 4116 407 4202; x_wconf 92' lang='lat' dir='ltr'><strong>IH,</strong></span> <span class='ocrx_word' id='word_1_250' title='bbox 440 4118 497 4202; x_wconf 89' lang='grc'><strong>31,</strong></span> <span class='ocrx_word' id='word_1_251' title='bbox 529 4118 591 4203; x_wconf 90' lang='grc'><strong>35,</strong></span> <span class='ocrx_word' id='word_1_252' title='bbox 621 4120 678 4204; x_wconf 82' lang='lat' dir='ltr'><strong>IV,</strong></span> <span class='ocrx_word' id='word_1_253' title='bbox 710 4122 744 4204; x_wconf 89' lang='grc'><strong>4,</strong></span> <span class='ocrx_word' id='word_1_254' title='bbox 772 4122 832 4205; x_wconf 92' lang='grc'><strong>21,</strong></span> <span class='ocrx_word' id='word_1_255' title='bbox 863 4124 1042 4189; x_wconf 90' lang='lat' dir='ltr'><strong>Minerva</strong></span> <span class='ocrx_word' id='word_1_256' title='bbox 1071 4123 1112 4189; x_wconf 91' lang='lat' dir='ltr'><strong>de</strong></span> <span class='ocrx_word' id='word_1_257' title='bbox 1139 4124 1276 4189; x_wconf 86' lang='lat' dir='ltr'><strong>texendi</strong></span> <span class='ocrx_word' id='word_1_258' title='bbox 1304 4136 1374 4191; x_wconf 85' lang='lat' dir='ltr'><strong>arte</strong></span> 
     </span>
     <span class='ocr_line' id='line_1_32' title="bbox 156 4221 1374 4321; baseline 0.008 -32"><span class='ocrx_word' id='word_1_259' title='bbox 156 4225 200 4308; x_wconf 89' lang='lat' dir='ltr'><strong>H,</strong></span> <span class='ocrx_word' id='word_1_260' title='bbox 223 4225 256 4308; x_wconf 87' lang='lat'><strong>9,</strong></span> <span class='ocrx_word' id='word_1_261' title='bbox 279 4221 317 4307; x_wconf 91' lang='grc'><strong>5,</strong></span> <span class='ocrx_word' id='word_1_262' title='bbox 341 4222 380 4308; x_wconf 91' lang='lat' dir='ltr'><strong>V,</strong></span> <span class='ocrx_word' id='word_1_263' title='bbox 399 4222 432 4309; x_wconf 90' lang='grc'><strong>5,</strong></span> <span class='ocrx_word' id='word_1_264' title='bbox 456 4225 508 4290; x_wconf 92' lang='grc'><strong>23.</strong></span> <span class='ocrx_word' id='word_1_265' title='bbox 535 4226 609 4292; x_wconf 87' lang='lat' dir='ltr'><strong>Lar</strong></span> <span class='ocrx_word' id='word_1_266' title='bbox 632 4227 775 4316; x_wconf 90' lang='lat' dir='ltr'><strong>denique</strong></span> <span class='ocrx_word' id='word_1_267' title='bbox 797 4251 856 4316; x_wconf 91' lang='lat' dir='ltr'><strong>pro</strong></span> <span class='ocrx_word' id='word_1_268' title='bbox 877 4229 971 4295; x_wconf 88' lang='lat' dir='ltr'><strong>domo</strong></span> <span class='ocrx_word' id='word_1_269' title='bbox 994 4229 1033 4314; x_wconf 94' lang='lat' dir='ltr'><strong>V,</strong></span> <span class='ocrx_word' id='word_1_270' title='bbox 1058 4232 1112 4314; x_wconf 89' lang='lat'><strong>10,</strong></span> <span class='ocrx_word' id='word_1_271' title='bbox 1138 4233 1195 4314; x_wconf 92' lang='grc'><strong>18,</strong></span> <span class='ocrx_word' id='word_1_272' title='bbox 1220 4242 1264 4316; x_wconf 90' lang='lat' dir='ltr'><strong>et,</strong></span> <span class='ocrx_word' id='word_1_273' title='bbox 1288 4233 1374 4321; x_wconf 90' lang='lat' dir='ltr'><strong>quod</strong></span> 
     </span>
     <span class='ocr_line' id='line_1_33' title="bbox 158 4333 1372 4427; baseline 0.012 -32"><span class='ocrx_word' id='word_1_274' title='bbox 158 4333 266 4396; x_wconf 87' lang='lat' dir='ltr'><strong>minus</strong></span> <span class='ocrx_word' id='word_1_275' title='bbox 295 4354 392 4418; x_wconf 83' lang='lat' dir='ltr'><strong>saepe</strong></span> <span class='ocrx_word' id='word_1_276' title='bbox 422 4336 510 4421; x_wconf 88' lang='lat' dir='ltr'><strong>apud</strong></span> <span class='ocrx_word' id='word_1_277' title='bbox 540 4335 620 4401; x_wconf 86' lang='lat' dir='ltr'><strong>alios</strong></span> <span class='ocrx_word' id='word_1_278' title='bbox 650 4336 781 4424; x_wconf 86' lang='lat' dir='ltr'><strong>legitur,</strong></span> <span class='ocrx_word' id='word_1_279' title='bbox 808 4338 891 4425; x_wconf 90' lang='lat' dir='ltr'><strong>plur.</strong></span> <span class='ocrx_word' id='word_1_280' title='bbox 918 4363 1006 4404; x_wconf 89' lang='lat' dir='ltr'><strong>num.</strong></span> <span class='ocrx_word' id='word_1_281' title='bbox 1032 4341 1151 4407; x_wconf 87' lang='lat' dir='ltr'><strong>Lares</strong></span> <span class='ocrx_word' id='word_1_282' title='bbox 1173 4341 1213 4426; x_wconf 92' lang='lat' dir='ltr'><strong>V,</strong></span> <span class='ocrx_word' id='word_1_283' title='bbox 1235 4343 1267 4427; x_wconf 90' lang='lat'><strong>1,</strong></span> <span class='ocrx_word' id='word_1_284' title='bbox 1292 4343 1372 4426; x_wconf 87' lang='grc'>128,</span> 
     </span>
    </p>
   </div>
   <div class='ocr_carea' id='block_1_14' title="bbox 159 4573 1373 4753">
    <p class='ocr_par' dir='ltr' id='par_1_15' title="bbox 159 4573 1373 4753">
     <span class='ocr_line' id='line_1_34' title="bbox 266 4573 1373 4668; baseline 0.014 -30"><span class='ocrx_word' id='word_1_285' title='bbox 266 4588 288 4640; x_wconf 86' lang='lat'><strong>1.</strong></span> <span class='ocrx_word' id='word_1_286' title='bbox 307 4587 348 4641; x_wconf 86' lang='lat' dir='ltr'><strong>sie</strong></span> <span class='ocrx_word' id='word_1_287' title='bbox 366 4600 474 4658; x_wconf 85' lang='lat' dir='ltr'><strong>quoque</strong></span> <span class='ocrx_word' id='word_1_288' title='bbox 493 4591 651 4646; x_wconf 86' lang='lat' dir='ltr'><strong>mutandum</strong></span> <span class='ocrx_word' id='word_1_289' title='bbox 669 4596 809 4662; x_wconf 83' lang='lat' dir='ltr'><strong>proposuit</strong></span> <span class='ocrx_word' id='word_1_290' title='bbox 827 4573 861 4660; x_wconf 84' lang='lat' dir='ltr'><strong>ll,</strong></span> <span class='ocrx_word' id='word_1_291' title='bbox 884 4599 904 4661; x_wconf 88' lang='grc'><strong>1,</strong></span> <span class='ocrx_word' id='word_1_292' title='bbox 921 4601 953 4650; x_wconf 83' lang='grc'>58</span> <span class='ocrx_word' id='word_1_293' title='bbox 972 4598 1065 4652; x_wconf 82' lang='lat' dir='ltr'><strong>Bernh.</strong></span> <span class='ocrx_word' id='word_1_294' title='bbox 1080 4598 1222 4654; x_wconf 84' lang='lat' dir='ltr'><strong>Kuttnerus</strong></span> <span class='ocrx_word' id='word_1_295' title='bbox 1233 4601 1286 4668; x_wconf 64' lang='lat' dir='ltr'><strong>tde</strong></span> <span class='ocrx_word' id='word_1_296' title='bbox 1299 4601 1373 4668; x_wconf 85' lang='lat' dir='ltr'><strong>Prop.</strong></span> 
     </span>
     <span class='ocr_line' id='line_1_35' title="bbox 159 4673 988 4753; baseline 0.016 -26"><span class='ocrx_word' id='word_1_297' title='bbox 159 4673 256 4730; x_wconf 84' lang='lat' dir='ltr'><strong>eluant.</strong></span> <span class='ocrx_word' id='word_1_298' title='bbox 275 4679 397 4744; x_wconf 58' lang='lat' dir='ltr'><strong>qusesttff</strong></span> <span class='ocrx_word' id='word_1_299' title='bbox 416 4678 478 4732; x_wconf 80' lang='lat' dir='ltr'><strong>diss.</strong></span> <span class='ocrx_word' id='word_1_300' title='bbox 498 4678 589 4747; x_wconf 80' lang='lat' dir='ltr'><strong>inaug.</strong></span> <span class='ocrx_word' id='word_1_301' title='bbox 610 4682 735 4736; x_wconf 79' lang='lat' dir='ltr'><strong>flat-sau.</strong></span> <span class='ocrx_word' id='word_1_302' title='bbox 758 4686 837 4748; x_wconf 84' lang='lat'><strong>1878,</strong></span> <span class='ocrx_word' id='word_1_303' title='bbox 856 4700 917 4753; x_wconf 79' lang='lat' dir='ltr'><strong>pag.</strong></span> <span class='ocrx_word' id='word_1_304' title='bbox 938 4689 988 4752; x_wconf 82' lang='lat'><strong>29).</strong></span> 
     </span>
    </p>
   </div>
   <div class='ocr_carea' id='block_1_15' title="bbox 0 0 1670 5390">
    <p class='ocr_par' dir='ltr' id='par_1_16' title="bbox 0 0 1670 5390">
     <span class='ocr_line' id='line_1_36' title="bbox 0 0 1670 5390; baseline 0 0"><span class='ocrx_word' id='word_1_305' title='bbox 0 0 1670 5390; x_wconf 95' lang='lat' dir='ltr'><strong> </strong></span> 
     </span>
    </p>
   </div>
  </div>
 </body>
</html>
