3326 5390
785 405 999 472 ..76-

289 612 347 677 pro
370 588 563 678 ,conparare'
587 591 711 676 dietum
734 589 856 656 eredas.
887 586 1042 654 Attamen
1064 591 1130 654 iam
1152 589 1323 675 Heinsius,
1347 589 1426 677 quid
1447 610 1503 654 vo

290 696 390 763 luerit
410 708 518 786 poeta,
547 699 686 764 sensisse
708 695 853 778 videtur,
882 696 1042 783 quamvis,
1068 717 1164 782 quam
1186 699 1366 785 proposuit,
1395 719 1503 762 emen-

291 804 379 870 datio
409 815 450 893 ,te
479 802 603 870 offerre'
632 826 698 870 non
728 802 866 890 quadrat
891 802 934 867 ad
960 802 992 867 h.
1018 802 1058 885 l.;
1087 825 1153 869 non
1183 806 1285 888 enim,
1316 803 1403 891 quod
1431 825 1503 868 sese

291 910 449 977 divitibus
471 912 609 996 offerret,
631 911 690 977 sed
705 912 783 998 quia
805 909 929 976 eisdem
946 908 1155 996 poscentibus
1169 912 1268 976 nimis
1291 920 1376 977 esset
1390 917 1506 998 parata

160 1057 164 1064 ·
292 1027 325 1083 et
348 1017 482 1103 confisa,
505 1017 683 1105 Cynthiam
709 1016 861 1103 obiurgat
885 1025 994 1103 poeta,
1021 1038 1127 1104 neque
1150 1027 1245 1104 aptae
1274 1027 1350 1084 sunt
1373 1026 1504 1083 ceterae

292 1125 507 1208 coniecturae,
529 1123 659 1212 Eldikii
676 1123 848 1211 ,confidere
864 1120 979 1207 lautis',
1001 1121 1177 1189 Schraderi
1201 1121 1372 1211 gaudere,
1395 1145 1504 1210 neque

291 1233 435 1314 omnino,
464 1254 522 1296 eur
551 1239 737 1318 corruptum
762 1230 964 1316 suspicemur
990 1227 1079 1294 huno
1105 1227 1225 1314 locum,
1247 1228 1406 1296 habemus
1430 1251 1504 1295 oau-

292 1358 368 1420 sam,
391 1335 563 1403 dummodo
585 1339 703 1402 iustam
726 1344 894 1401 teneamus
916 1337 1228 1422 interpretationem.

291 1507 426 1580 fulcire
455 1509 593 1576 verbum
623 1519 656 1575 et
684 1508 772 1596 apud
800 1507 881 1574 alios
909 1509 1027 1574 usitato
1059 1530 1155 1574 sensu
1183 1509 1323 1596 positum
1352 1507 1504 1574 videmus

291 1640 349 1706 pro
373 1626 574 1711 sustentare,
597 1613 736 1682 firmare’
766 1624 799 1681 et
825 1613 912 1702 apud
937 1615 1030 1702 Prop.
1052 1614 1091 1700 V,
1124 1615 1177 1698 11,
1207 1615 1268 1700 323
1294 1613 1351 1698 IV,
1381 1615 1503 1699 1,49;

292 1726 327 1809 6,
357 1723 400 1789 50
423 1733 456 1789 et
483 1722 639 1788 translate
662 1722 702 1806 V,
732 1723 786 1805 11,
809 1721 860 1786 69.
886 1721 931 1787 Et
957 1719 1041 1787 illud
1062 1719 1184 1787 addere
1206 1721 1394 1818 voluerunt,
1416 1720 1503 1808 quod

292 1830 449 1917 legimus:

387 1961 417 2045 Ι,
440 1962 473 2047 8,
497 1961 515 2026 l
541 1961 600 2049 ,Tu
622 1959 762 2048 pedibus
783 1963 907 2027 teneris
928 1962 1048 2048 positas
1070 1960 1214 2027 fulcire
1235 1959 1414 2048 pruinas',

293 2106 499 2192 interpretati
531 2105 695 2190 ,inpositas
726 2104 853 2190 eorpori
884 2101 971 2168 ferre
1002 2112 1035 2169 et
1065 2104 1225 2168 sustinere
1255 2102 1408 2189 pruinas',
1439 2124 1502 2190 quo

293 2213 471 2298 imaginem
486 2210 798 2297 inelegantissimam
816 2211 985 2276 insinuant
1005 2210 1181 2299 Propertio,
1205 2211 1260 2296 qui
1280 2211 1392 2274 nivem
1412 2218 1503 2276 tanta

292 2318 389 2383 mole
406 2319 442 2382 in
470 2327 618 2384 teneram
644 2339 735 2382 suam
760 2315 904 2403 puellam
931 2317 1129 2400 innuentem,
1155 2325 1193 2380 ut
1219 2337 1256 2380 eo
1283 2336 1383 2381 onere
1411 2317 1502 2403 quasi

292 2426 500 2512 opprimatur,
528 2423 672 2510 profecto
700 2445 859 2510 nusquam
885 2423 991 2489 finxit.
1020 2421 1087 2488 Sed
1116 2419 1250 2509 ,fulcire’
1273 2421 1412 2487 verbum
1440 2421 1502 2487 hoo

292 2530 362 2595 loeo
398 2529 570 2618 premendi
601 2529 655 2595 vel
692 2529 841 2594 calcandi
875 2528 997 2595 habere
1035 2529 1321 2616 significationem,
1358 2527 1503 2595 ablativo

293 2636 439 2724 ,pedibus
461 2635 593 2701 teneris’
616 2645 727 2724 aperte
751 2635 925 2701 indicatur.
956 2633 1019 2701 Oui
1041 2635 1200 2720 singulari
1223 2636 1406 2701 sententiae
1430 2625 1503 2700 oon·

291 2765 386 2830 pares
410 2741 609 2808 Graecorum
633 2741 780 2828 ,spalbers'
805 2752 899 2809 et-
919 2745 947 2807 si
970 2741 1049 2808 lieet
1071 2779 1108 2790 -
1128 2740 1419 2827 Franoogallorum
1441 2763 1503 2828 ,ap

290 2847 414 2936 puyer',
436 2870 519 2935 quae
535 2848 629 2913 modo
644 2848 859 2932 sustentandi,
879 2848 974 2914 modo
991 2847 1164 2934 premendi
1186 2849 1352 2913 notionem
1371 2846 1503 2932 habent,

292 2977 355 3022 neo
377 2957 405 3021 si
428 2957 500 3043 quis
515 2953 715 3021 Graecorum
737 2978 780 3021 ex
795 2954 944 3043 exemplo
965 2955 1078 3020 Latini
1100 2953 1194 3020 verbi
1209 2976 1340 3019 sensum
1362 2963 1502 3021 mutasse

291 3063 497 3151 Propertium
520 3062 702 3146 contendat,
725 3059 887 3148 obloquor.
1212 3153 1214 3160 ,

397 3169 648 3235 Enumerandus
670 3169 812 3254 denique
835 3170 871 3232 in
893 3167 954 3233 hoe
976 3190 1111 3234 numero
1134 3178 1184 3235 est
1204 3168 1299 3235 verbi

293 3355 470 3408 corruere
492 3339 580 3427 apud
594 3339 798 3425 Propertium
820 3360 897 3403 usus
912 3337 1182 3425 elegantissimus.
1203 3337 1351 3405 Verbum
1367 3335 1503 3425 ,eadere'

292 3448 487 3537 praegnanti
514 3448 549 3512 vi
578 3467 637 3533 pro
664 3446 784 3533 ,neoari
812 3445 848 3508 in
874 3443 1006 3532 proelio'
1035 3444 1116 3528 dioi,
1142 3443 1372 3532 pervulgatum
1399 3452 1447 3508 est
1470 3451 1504 3509 et

293 3555 481 3643 Propertius
503 3555 539 3619 in
562 3574 659 3618 aare
682 3552 771 3617 idem
793 3550 928 3617 adhibet
949 3551 991 3634 Π,
1015 3547 1044 3634 9,
1066 3551 1128 3633 493
1151 3550 1207 3634 IV,
1232 3553 1281 3635 11,
1306 3551 1356 3616 14„
1385 3550 1503 3615 Effica-

295 3663 364 3727 cius
387 3660 486 3729 etiam
508 3669 542 3727 et
563 3661 674 3726 verius
696 3660 860 3746 conposito
882 3657 983 3724 verbo
1006 3657 1195 3744 ,considere'
1219 3659 1256 3723 in
1272 3657 1387 3724 eodem
1408 3679 1502 3745 argu·

294 3777 402 3834 mento
425 3768 543 3834 utitur:

399 3900 439 3983 V,
464 3901 494 3985 1,
518 3899 560 3966 96
584 3896 744 3986 ,Concidit
766 3909 842 3966 ante
864 3898 992 3986 aquilae
1014 3906 1118 3965 rostra
1139 3908 1275 3965 eruenta
1297 3897 1392 3966 suae?

294 4042 474 4129 Praecipue
497 4051 605 4107 autem
632 4041 667 4106 in
693 4042 862 4106 morientis
890 4062 966 4106 oasu
988 4039 1198 4128 depingendo
1225 4062 1349 4107 amasse
1371 4038 1504 4108 videtur

294 4147 433 4214 verbum
455 4145 643 4235 ,eorruere’3
666 4149 730 4213 sio:

450 4279 497 4365 11,
520 4279 553 4364 8,
576 4279 619 4346 22
642 4279 806 4366 ,Corruit
828 4283 898 4368 ipse
920 4300 977 4344 suo
999 4280 1127 4346 saueius
1151 4302 1229 4346 ense
1251 4278 1352 4346 latus'

296 4420 362 4487 Sed
384 4421 445 4486 hoc
469 4442 637 4488 commune
667 4419 765 4487 habet
793 4444 867 4487 oum
890 4419 989 4506 Verg.
1017 4411 1103 4487 Aen.¹
1130 4421 1184 4506 10,
1212 4421 1276 4489 488
1304 4419 1444 4509 ,Corruit
1467 4423 1503 4489 in

294 4523 431 4592 vulnus?
453 4526 549 4594 Ultra
570 4538 678 4595 autem
700 4529 856 4615 processit
877 4526 1078 4614 Propertius3
1101 4549 1178 4593 nam
1200 4550 1266 4594 non
1288 4529 1383 4594 modo
1405 4528 1504 4617 plane

296 4632 441 4705 absolute
460 4633 637 4723 ,corruere',
659 4643 695 4700 ut
712 4632 859 4701 solebant
881 4632 1026 4722 ,eadere',
1047 4654 1105 4722 pro
1119 4636 1232 4702 necari
1255 4634 1391 4703 adhibet
1412 4633 1504 4704 nulla
