3326 5390
655 386 872 450 ,43-

154 566 390 632 abundantiam
414 574 447 631 11
469 587 622 651 magnam
645 587 742 651 saepe
767 562 913 630 eiusdem
936 565 1026 628 vocis
1051 562 1144 627 modo
1168 562 1255 627 hunc
1278 561 1372 626 modo

154 674 248 739 illum
272 677 307 738 in
330 697 424 738 usum
447 670 616 737 adhibitae
639 673 842 738 varietatem.

261 779 316 847 Sic
343 801 455 846 earum
482 800 612 863 vocum,
640 800 724 865 quae
751 778 794 842 ad
820 788 957 844 mortem
983 779 1164 865 pertinent,
1193 785 1285 841 tanta
1311 774 1372 838 frc-

153 890 289 975 quentia
311 889 397 953 inest
412 887 573 974 Propertii
597 888 633 951 in
650 884 859 969 carminibus,
882 895 1003 973 quanta
1026 885 1113 974 apud
1133 883 1260 949 nullum
1284 891 1372 946 certe

153 995 255 1061 alium
288 1005 430 1082 poetam,
465 992 642 1079 eodemque
674 991 832 1058 vocabulo
864 992 1105 1058 diversissimae
1139 993 1209 1057 eius
1240 990 1373 1076 generis

153 1126 206 1168 res
238 1102 475 1188 significantur.
508 1100 583 1182 Qua
609 1099 651 1164 de
684 1099 873 1165 confusione
906 1101 971 1164 iam
1002 1108 1142 1185 egerunt
1170 1097 1304 1162 Lachm.
1337 1097 1373 1159 in

154 1230 267 1274 comm.
290 1207 333 1274 ad
355 1207 394 1293 V,
421 1207 473 1291 11,
498 1207 532 1291 8,
555 1205 689 1272 Hertzb.
706 1206 747 1272 ad
772 1207 913 1272 eundem
929 1207 1037 1272 locum
1060 1202 1372 1290 (γλ-611111.

152 1315 336 1380 Kuttnerus
352 1314 494 1401 denique
510 1313 661 1379 omnibus
677 1314 837 1400 exemplis
861 1313 1006 1380 collectis
1030 1323 1062 1379 et
1084 1313 1248 1399 dispositis
1270 1320 1372 1378 totum

154 1422 314 1489 eiusmodi
346 1421 623 1486 substantivorum
652 1444 748 1486 usum
774 1422 1025 1508 Propertianum
1057 1420 1234 1486 illustravit
1264 1416 1320 1482 lib.
1352 1415 1373 1480 1.

154 1528 232 1595 inde
256 1551 276 1594 1
297 1553 328 1616 p.
352 1527 492 1594 29-42.
523 1527 633 1609 Quare
657 1529 776 1592 iterum
800 1529 961 1614 copiosius
984 1527 1025 1592 de
1054 1526 1168 1592 eadem
1196 1547 1232 1590 rc
1260 1545 1374 1610 agere,

153 1658 433 1724 supervacaneum
456 1635 537 1700 duxi
561 1657 600 1700 ea
622 1644 749 1700 tantum
773 1644 1033 1716 enumeraturus,
1062 1655 1145 1721 quae
1172 1653 1258 1697 nova
1282 1652 1373 1717 prae-

153 1745 245 1809 stitit
276 1743 321 1808 Et
342 1743 428 1830 quod
450 1740 585 1806 Lachm.
610 1751 643 1807 et
664 1740 800 1806 Hertab.
825 1740 1081 1806 observaverunt
1105 1749 1137 1806 et
1160 1739 1234 1806 aliis
1257 1759 1372 1823 conpa-

153 1850 232 1915 ratis
270 1850 588 1932 demonstraverunt,
621 1847 770 1935 quodque
800 1848 983 1914 Kuttnerur
1022 1849 1185 1933 congestis
1221 1843 1372 1910 omnibus

151 1957 313 2043 Propertii
337 1955 417 2020 locis
441 1953 666 2042 conprobavit,
695 1957 793 2020 etiam
821 1955 904 2020 mihi
932 1955 1051 2020 iterum
1079 1953 1287 2020 statuendum
1315 1959 1371 2033 111,

152 2063 289 2129 coluisse
307 2086 381 2128 eum
397 2085 491 2127 usum
506 2062 726 2126 Romanorum
741 2063 883 2127 maxime
900 2061 1119 2149 Propertium,
1135 2062 1243 2124 minus
1260 2068 1371 2123 tamen

151 2172 280 2235 auxisse
304 2171 397 2234 novis
420 2191 536 2233 vocum
560 2166 755 2232 notionibus.
778 2167 831 2231 De
855 2166 957 2232 altero
981 2169 1083 2253 igitur
1106 2167 1262 2252 inspicias
1276 2164 1371 2228 Kutt-

152 2279 225 2342 neri
249 2277 564 2358 commentationem,
588 2273 724 2339 alterius
746 2281 855 2339 autem
880 2273 1031 2361 exempla
1053 2282 1129 2340 sunt
1151 2270 1266 2359 haecdj

147 2411 269 2484 fatum
291 2439 406 2488 vocem
429 2417 470 2481 de
493 2417 573 2503 ipsis
597 2416 668 2481 deis
690 2415 803 2480 Parcis
825 2417 950 2502 primus
969 2418 1162 2503 scriptorum
1181 2387 1369 2502 Propertius

150 2522 339 2589 adhibuisse
362 2523 510 2588 videtur:

140 2704 142 2707 .
238 2647 277 2731 V,
303 2643 330 2732 1,
353 2645 395 2712 51
420 2647 504 2733 ,Iuro
529 2667 589 2732 ego
613 2645 797 2711 Fatorum
819 2646 904 2711 nulli
927 2643 1111 2710 revolubile
1135 2644 1293 2728 carmen'3

149 2778 262 2855 postea
284 2769 373 2834 idem
396 2771 540 2835 occurrit
561 2768 640 2834 Stat
656 2768 729 2836 sila
746 2769 786 2854 V,
805 2772 831 2853 1,
848 2745 928 2852 259'3
952 2768 1054 2834 Theb.
1079 2767 1107 2852 8,
1131 2769 1188 2852 26;
1212 2769 1252 2836 al.
1275 2771 1369 2837 Unus

150 2886 259 2942 autem
283 2875 325 2940 de
348 2875 433 2942 Orco
456 2878 643 2962 usurpavit:

307 3001 338 3083 I,
363 3001 421 3084 19,
446 3001 486 3066 12
511 3001 645 3087 ,Traicit
669 3000 796 3065 111111
820 3000 957 3066 1111111
979 3024 1117 3088 magnus
1140 3001 1259 3087 Amor’,

239 3108 279 3172 cf.
295 3107 365 3190 111,
389 3105 444 3190 25,
467 3105 488 3171 5
512 3108 596 3193 ,Una
619 3109 715 3172 ratis
738 3106 810 3172 fati
834 3117 959 3174 nostros
981 3108 1125 3195 portabit
1146 3108 1279 3174 amores’

150 3241 183 3298 11
205 3230 246 3315 V,
269 3230 302 3314 6,
331 3230 372 3296 83
397 3233 519 3317 ,nigras
543 3268 583 3279 -
608 3229 732 3297 arenas'
761 3231 802 3296 de
831 3230 995 3296 littoribus
1023 3231 1112 3298 0111.
1149 3232 1368 3320 singulariter

149 3360 277 3427 quoque
306 3340 448 3425 positum
478 3361 548 3405 erse
579 3348 779 3406 censuerunt
809 3361 868 3427 pro
897 3339 1023 3406 funeris
1053 3340 1214 3430 reliquiis,
1243 3339 1368 3405 ossibus

149 3455 183 3511 et
206 3447 335 3511 cinerc:
785 3469 786 3472 ¹

227 3568 257 3652 I,
283 3569 333 3653 17,
360 3569 398 3634 11
424 3569 487 3656 ,An
509 3523 631 3658 poteris
654 3573 751 3635 siccis
774 3593 857 3636 mea
878 3570 959 3636 fata
981 3592 1144 3658 opponere
1167 3569 1297 3654 ocellis’,

150 3695 301 3758 commoti
324 3693 393 3758 scil.
417 3695 509 3760 codd
533 3697 695 3783 scriptura
718 3695 904 3782 ,reponere’,
927 3696 1014 3783 quod
1037 3705 1085 3760 111
1108 3695 1274 3783 ,sepeliret
1303 3693 1369 3759 Sed

148 3802 269 3887 optime
292 3801 430 3868 Iacobus
452 3802 609 3868 Italorum
633 3803 855 3868 coniecturam
875 3801 1056 3890 ,opponere'
1076 3802 1226 3868 defendit
1244 3811 1277 3866 et
1294 3823 1367 3866 con-

148 3906 312 3994 probavit,
349 3910 396 3973 ita
428 3919 464 3973 ut
495 3911 693 3976 sententiam
726 3908 883 3996 praebeat
917 3932 1047 3974 versus:
1081 3908 1178 3995 ,haud
1210 3917 1367 3974 commoto

148 4015 256 4079 animo
279 4024 389 4080 tecum
412 4019 556 4102 cogitare
578 4018 700 4103 poteris
723 4015 765 4082 de
788 4026 890 4082 morte
914 4017 966 4098 (=
992 4016 1080 4098 11111)
1104 4015 1207 4082 mea?
1238 4017 1291 4081 Dc

147 4171 249 4224 mors
272 4177 352 4221 voce
376 4155 498 4221 deinde
522 4158 591 4241 egit
613 4155 808 4240 Kuttnerus,
831 4154 901 4238 sed,
926 4154 1013 4242 quod
1035 4156 1112 4222 satis
1129 4158 1260 4244 proprie
1280 4155 1366 4223 dixit

203 4281 297 4368 Prop.
321 4281 384 4365 ΙΠ,
408 4280 441 4363 5,
466 4281 485 4346 6
510 4281 589 4368 ,Nec
612 4282 655 4346 sit
677 4283 713 4346 in
735 4279 879 4347 Attalico
902 4304 1000 4348 mors
1022 4304 1105 4347 mea
1128 4284 1207 4348 nixa
1229 4281 1306 4348 toro'

146 4427 205 4492 pro
229 4427 299 4492 ⁸ego
322 4406 475 4470 mortuus'
490 4409 510 4471 i.
528 4431 555 4472 e.
570 4430 679 4472 meum
702 4405 870 4495 cadaver,
891 4407 1049 4495 quomodo
1069 4410 1112 4472 sit
1133 4407 1365 4494 explicandum

147 4521 181 4577 et
203 4512 479 4600 conprobandum,
502 4523 573 4579 tum
595 4513 727 4580 demum
749 4514 948 4601 videbimus,
973 4537 1047 4584 cum
1070 4515 1112 4580 de
1135 4518 1229 4581 novis
1248 4537 1364 4582 vocum

146 4621 309 4684 iuncturis
331 4643 436 4686 sermo
460 4622 531 4686 crit
