3326 5390
632 406 850 469 „71-

72 605 74 608 ·
133 581 243 648 dictus
265 592 314 648 est
337 583 532 670 versicolor,
559 606 635 650 nam
658 605 741 671 quae
765 588 830 651 iam
852 585 1064 666 Passeratius,
1088 594 1135 667 ut,
1161 605 1226 649 non
1249 585 1346 649 unius

135 711 206 754 esse
230 689 345 757 coloris
372 690 544 778 pallorem,
572 691 798 778 conprobaret,
826 692 988 777 congessit
1017 690 1168 778 exempla
1193 688 1346 777 plurima,

134 804 247 860 tamen
277 819 337 883 per
365 820 400 862 se
429 796 572 885 quidque
600 820 701 862 unum
727 796 822 863 modo
850 807 883 863 et
905 807 1030 862 certum
1052 796 1184 884 palloris
1208 796 1348 863 colorem

136 901 305 969 exhibent
327 900 483 969 Attamen
507 926 546 970 ca
568 906 732 970 sententia
753 913 880 968 tanturn
899 905 1060 986 veritatis,
1083 926 1147 991 qua
1169 905 1349 989 genuinam

135 1031 171 1074 se
194 1006 408 1093 commendet,
431 1031 509 1096 prae
533 1032 567 1074 se
591 1009 668 1093 fert,
692 1019 728 1075 ut
751 1032 904 1076 concessa
925 1010 1093 1096 Propertio
1116 1009 1254 1076 audacia
1276 1032 1349 1075 con-

136 1117 271 1182 iecturis
294 1116 524 1182 abstineamus.
548 1116 592 1181 Et
615 1126 828 1201 serraverunt
850 1138 961 1182 omnes
982 1118 1089 1182 critici
1106 1139 1177 1182 earn
1200 1117 1349 1183 codicum

135 1224 331 1310 scripturam
353 1232 483 1310 praeter
509 1222 697 1306 Heinsium,
724 1225 780 1310 qui
804 1221 927 1309 ‘nullos'
951 1225 1103 1307 coniecit,
1133 1235 1165 1289 et
1186 1223 1350 1290 Baehren-

137 1330 234 1412 sium,
263 1331 319 1417 qui
347 1328 467 1418 ,malim
495 1329 613 1395 multo
640 1352 670 1416 p.
694 1328 837 1413 colore,
866 1340 901 1395 ut
925 1329 985 1396 hoc
1008 1329 1058 1395 illi
1082 1331 1222 1396 invitis
1244 1330 1351 1396 lumi-

137 1435 252 1502 nibus
282 1438 480 1502 contrarium
507 1435 556 1502 sit’
585 1439 621 1501 in
648 1446 805 1523 apparatu
833 1438 903 1502 erit.
930 1439 1064 1503 notavit.
1101 1436 1247 1517 Quarum
1278 1459 1351 1502 con·

138 1543 338 1607 iecturarum
365 1541 460 1609 alteri
484 1543 540 1630 qui
562 1543 836 1629 patrocinaretur,
865 1564 960 1608 nemo
989 1544 1112 1625 extitit,
1139 1542 1234 1608 alteri
1263 1553 1351 1608 certe

137 1669 234 1715 nemo
250 1651 401 1715 exsistet:
424 1651 559 1714 minime
576 1651 664 1715 enim
684 1651 913 1732 accusativum,
936 1670 1033 1736 quem
1048 1659 1166 1717 vocant
1187 1672 1351 1737 graecum,

138 1755 342 1841 tangendum
361 1777 431 1821 esse
450 1763 545 1841 puto,
569 1755 675 1838 immo,
699 1778 739 1821 ca
754 1757 824 1841 ipsa
847 1763 1008 1820 structura
1030 1758 1247 1843 suspicionem
1269 1755 1351 1821 mihi

138 1871 256 1946 movet,
279 1863 441 1927 imitatum
462 1859 662 1927 Graecorum
682 1861 813 1949 aliquod
835 1860 1020 1949 exemplum
1044 1885 1081 1927 eo
1104 1862 1260 1930 audaciae
1282 1885 1353 1950 pro·

139 1969 274 2034 cessisse
296 1969 510 2055 Propertium.

245 2074 298 2140 De
321 2074 425 2140 altera
446 2097 536 2139 nunc
558 2072 759 2162 metaphora,
790 2098 907 2162 nempe
935 2077 1053 2142 amoris
1080 2097 1154 2141 cum
1181 2076 1252 2163 igni
1279 2095 1352 2139 con·

139 2182 322 2267 paratione,
352 2181 393 2247 de
423 2203 487 2269 qua
518 2182 583 2247 iam
613 2203 711 2267 supra
741 2185 826 2268 (pag.
858 2181 902 2246 34
933 2183 990 2269 sq.)
1022 2183 1161 2267 egimus,
1193 2202 1352 2268 quamque

139 2311 214 2353 cum
244 2287 302 2353 illa
331 2287 435 2354 altera
462 2289 670 2354 coniunctam
698 2290 901 2375 repperimus
927 2288 958 2371 Ι,
982 2288 1015 2372 9,
1042 2289 1079 2352 17
1104 2309 1188 2374 supr.
1212 2285 1241 2371 1.,
1263 2309 1352 2352 nunc

143 2395 206 2460 erit
230 2415 352 2460 sermo:

140 2530 308 2622 flagrare
332 2536 429 2619 enim,
452 2533 538 2622 quod
560 2535 602 2601 de
617 2535 805 2601 vehementi
822 2557 938 2620 amore,
962 2536 1019 2602 sed
1035 2535 1147 2601 addita
1161 2533 1352 2622 plerumque

140 2643 258 2706 amoris
281 2642 530 2728 significatione,
554 2651 586 2707 et
608 2664 721 2729 prosae
744 2644 916 2728 scriptores
940 2651 972 2708 et
994 2652 1108 2729 poetae
1131 2663 1286 2728 usurpare
1307 2664 1353 2708 so-

139 2745 222 2831 lent,
245 2768 266 2811 a
280 2747 448 2835 Propertio
470 2768 536 2813 non
559 2749 623 2813 nisi
647 2747 792 2814 absolute
814 2751 904 2835 poni,
929 2771 994 2814 non
1018 2757 1066 2814 est
1081 2748 1167 2836 quod
1181 2751 1352 2814 miremur:

195 2878 239 2962 Π,
264 2877 293 2961 3,
316 2877 359 2942 33
382 2878 462 2965 ,Hac
479 2900 540 2965 ego
556 2901 644 2944 nuno
666 2882 767 2946 mirer
789 2883 816 2946 si
840 2881 986 2967 flagrat
1008 2891 1117 2947 nostra
1139 2881 1323 2950 iuventusf’

163 2983 219 3067 IV,
245 2982 294 3067 18,
320 2982 360 3049 13
384 2984 499 3072 ,Testis
521 2985 709 3052 Thessalico
731 2986 907 3073 flagrans
931 2987 1091 3054 Salmonis
1112 2988 1249 3075 Enipeo'

141 3118 175 3174 et
197 3129 317 3194 graeca
339 3117 518 3175 structtua:

138 3232 172 3316 I,
196 3231 250 3313 13,
274 3231 317 3296 28
342 3231 421 3317 ,Nec
443 3233 491 3298 sic
514 3231 687 3300 caelestem
711 3235 886 3322 flagrans
909 3259 998 3303 amor
1016 3237 1170 3302 Herculis
1192 3236 1351 3320 Heben’,

140 3358 196 3422 cui
219 3356 260 3422 of.
282 3356 381 3443 Verg.
405 3354 465 3422 ecl.
488 3356 518 3440 2,
543 3357 580 3422 1:

323 3480 521 3567 ,Formosum
543 3490 651 3567 pastor
674 3480 827 3570 Corydon
851 3484 986 3551 ardebat
1007 3483 1158 3567 Alexin’3

139 3619 368 3692 succendere
386 3630 495 3687 autem
510 3643 568 3708 pro
585 3625 757 3709 ,corripere
774 3624 891 3690 amore'
906 3633 943 3690 ut
958 3623 1155 3712 ,accendero’
1171 3625 1210 3710 (I,
1225 3626 1275 3709 20,
1291 3623 1350 3708 45,

139 3729 242 3815 Verg.
272 3726 355 3794 Aen.
377 3730 411 3810 4,
439 3727 504 3794 364
527 3727 567 3793 cf.
592 3729 620 3812 7,
643 3726 727 3813 550,
758 3728 812 3814 al.)
842 3730 988 3797 absolute
1018 3733 1129 3797 nescio
1157 3754 1199 3798 an
1228 3733 1351 3820 primus

140 3835 266 3902 dixerit
277 3857 285 3898 ε

228 3957 257 4041 Ι,
281 3957 316 4040 2,
340 3956 381 4021 15
405 3956 487 4043 ,Non
511 3958 558 4022 sic
579 3958 757 4045 Leucippis
779 3942 986 4026 succendit
1009 3959 1141 4028 Castora
1158 3961 1306 4046 Phoebe',

178 4065 236 4150 IV,
260 4065 313 4147 18,
339 4062 380 4129 15
404 4062 547 4150 ,Crimen
571 4075 603 4130 et
626 4065 684 4132 illa
705 4066 768 4133 fuit
789 4068 896 4153 patria
918 4089 1104 4134 succensa
1126 4068 1310 4154 senecta'3

139 4195 229 4284 apud
250 4196 375 4283 priores
399 4196 487 4260 enim
508 4205 619 4282 poetas
642 4196 768 4262 nullum
789 4198 946 4284 indagare
964 4201 1054 4286 potui
1075 4199 1271 4286 exemplum,
1295 4202 1353 4267 sed

140 4300 255 4391 ,urere'
285 4301 373 4390 apud
404 4300 567 4368 Catullum
597 4304 664 4387 (72,
694 4302 715 4368 5
744 4303 784 4369 cf.
806 4305 863 4388 61,
892 4304 954 4371 177
977 4307 1048 4392 sq.),
1077 4305 1176 4391 Verg.
1199 4303 1294 4388 (Aen.
1316 4307 1350 4390 4,

140 4409 199 4492 68,
224 4408 283 4475 ecl.
306 4410 340 4492 8,
364 4407 419 4493 83,
443 4410 496 4475 cui
520 4409 594 4475 add.
617 4410 651 4493 2,
674 4409 731 4492 68,
754 4433 797 4496 ge
820 4411 852 4494 3,
876 4410 968 4495 215),
991 4411 1101 4476 Horat.
1124 4413 1164 4493 (c.
1190 4413 1216 4495 1,
1242 4411 1291 4496 19,
1314 4412 1349 4497 5,

139 4539 192 4603 ep.
221 4516 277 4598 11,
303 4515 336 4597 3)
364 4515 518 4603 frequens
545 4515 619 4600 fuit,
649 4516 735 4603 quod
761 4516 854 4604 Prop.
878 4527 911 4584 et
932 4517 996 4601 ΠΙ,
1022 4517 1074 4600 18,
1098 4515 1132 4599 8,
1155 4515 1212 4601 Ν,
1236 4519 1268 4602 8,
1291 4519 1349 4603 45,

140 4623 198 4708 18,
220 4620 263 4688 25
284 4622 437 4712 praebuit
459 4633 492 4690 et
