3344 5392
802 417 1012 483 ..60-

304 593 334 659 h.
359 592 437 658 lin
466 592 629 660 adieetivo
653 595 804 682 ,argutus'
827 596 1097 684 quemadmodum
1124 619 1250 684 quoque
1275 598 1310 661 in
1333 591 1516 683 ,querulus’

303 699 463 767 Similiter
485 702 514 787 Ι,
540 703 592 786 16,
618 703 658 768 16
685 712 778 789 porta
806 702 847 769 de
875 711 1016 770 amatore
1044 705 1079 769 in
1107 704 1222 770 limine
1250 705 1377 770 iacente
1406 712 1453 786 61,
1481 709 1517 766 ut

304 807 505 893 admittatur,
529 819 641 876 orante
664 810 821 897 loquitur:

462 950 532 1037 ,Ille
555 972 643 1017 meos
666 974 833 1039 nunquam
855 952 978 1038 patitur
1000 953 1205 1040 requiescere
1222 959 1334 1039 postes

515 1057 665 1145 Arguta
687 1058 834 1124 referens
857 1061 1004 1124 earmina
1024 1057 1238 1142 blanditia',

304 1195 376 1280 ubi,
402 1207 511 1264 utrum
534 1200 577 1265 ad
599 1201 768 1268 Kuinoelii
796 1201 934 1289 ,subtilis
957 1212 990 1268 et
1013 1199 1191 1290 ingeniosa'
1214 1201 1520 1288 interpretationem

304 1303 472 1389 accedam,
504 1328 547 1371 an
580 1329 654 1372 eum
685 1308 808 1374 Passer.
841 1308 997 1395 garrula,
1032 1311 1162 1375 notione
1194 1331 1214 1373 6
1245 1308 1310 1373 6616
1347 1317 1520 1394 praeterea

304 1409 418 1475 Plauto
442 1411 545 1494 (Trin.
568 1413 647 1497 2003
675 1415 771 1481 Truo.
793 1416 872 1498 493)
894 1418 1049 1503 praestita
1073 1416 1247 1504 explicem,
1270 1417 1415 1480 incertus
1438 1435 1521 1479 sum.

304 1517 487 1607 Utrumque
511 1521 599 1585 enim
622 1519 804 1587 blanditiae
827 1532 888 1606 est,
912 1532 945 1588 et
967 1525 1127 1609 sagacitas
1143 1532 1176 1588 et
1190 1522 1383 1608 loquacitas3
1407 1529 1521 1585 tamen

305 1646 379 1689 eum
407 1634 519 1712 portae
548 1629 583 1691 in
610 1627 768 1714 supplicis
795 1629 997 1694 sermonibus
1024 1631 1129 1714 magis
1157 1628 1240 1694 haec
1267 1650 1363 1715 quam
1391 1625 1451 1690 illa
1477 1627 1523 1690 sit

305 1730 440 1798 molesta
463 1754 600 1820 eumque
629 1756 787 1822 nusquam
815 1735 873 1800 illa
900 1737 1031 1802 notione
1055 1736 1258 1823 Propertium
1281 1735 1329 1800 uti
1351 1733 1455 1798 visuri
1479 1734 1522 1796 si·

305 1860 388 1922 mus,
411 1839 614 1925 garrulitatis
637 1843 802 1907 notionem
824 1841 1015 1930 praevalere
1039 1841 1185 1925 credam,
1208 1842 1271 1906 nisi
1294 1842 1401 1928 potius
1420 1841 1523 1904 etiam

304 1944 366 2010 hoc
396 1947 431 2010 in
461 1946 532 2011 loeo
561 1956 733 2034 utrumque
764 1950 870 2014 inesse
901 1971 1048 2031 censeas,
1077 1946 1164 2036 quod
1194 1948 1326 2035 quidem
1358 1944 1523 2012 iudicium

304 2051 435 2137 probari
458 2052 590 2120 videtur
612 2053 772 2141 persimili
795 2054 900 2120 dioto:

462 2195 493 2279 Ι,
515 2196 550 2280 6,
575 2195 593 2260 7
618 2195 689 2284 ,Illa
711 2196 792 2262 mihi
815 2200 890 2263 totis
913 2207 1042 2284 argutat
1064 2196 1213 2264 noctibus
1235 2192 1347 2284 ignes',

304 2359 367 2425 quo
390 2337 432 2403 dc
455 2359 552 2403 versu
574 2336 760 2404 videbimus
782 2347 901 2426 postea

411 2441 494 2509 Cum
523 2454 667 2530 ,argutus
701 2443 799 2510 dolor’
835 2452 1013 2531 conparant
1046 2451 1079 2509 61
1112 2444 1234 2509 maiore
1265 2443 1363 2508 ctiam
1394 2442 1521 2507 iniuria

306 2551 419 2617 eodem
442 2550 537 2617 modo
561 2550 744 2637 explicant:

410 2692 467 2776 IV,
491 2693 548 2776 20,
573 2690 613 2758 18
637 2692 689 2779 ,Et
712 2701 809 2778 caput
832 2702 994 2778 argutae
1016 2691 1173 2778 praebeat
1195 2687 1410 2772 historiae'3

306 2834 457 2922 lepidae,
483 2832 649 2899 venustae'
677 2832 809 2898 Kuinol.
838 2832 904 2898 Sed
925 2833 1094 2938 garrulum
1117 2832 1184 2898 dici
1206 2831 1318 2919 populi
1340 2853 1521 2916 rumorem,

305 2943 398 3007 cuius
420 2939 541 3006 fabulis
563 2940 752 3029 loquacibus
775 2941 968 3007 differantur
990 2951 1149 3024 amantes,
1172 2963 1267 3006 nemo
1290 2960 1355 3005 non
1378 2938 1520 3024 videbit,

305 3050 361 3137 qui
385 3071 460 3113 eum
486 3047 593 3113 locum
620 3057 747 3113 tantum
774 3049 963 3134 inspexerit
985 3045 1158 3135 Adaequat
1184 3049 1286 3135 igitur
1312 3048 1419 3134 potius
1441 3046 1475 3112 h.
1497 3045 1521 3112 1.
1648 3099 1649 3138 ,

305 3155 393 3220 notio
417 3176 503 3238 eam,
530 3154 572 3219 de
600 3175 663 3240 qua
690 3153 845 3234 diximus,
869 3162 994 3240 ,arguta
1014 3153 1193 3220 blanditia’
1226 3155 1339 3220 Restat
1360 3163 1410 3237 ut,
1435 3174 1522 3240 quae
1648 3237 1649 3242 ἵ

305 3263 348 3328 sit
369 3261 458 3326 notio
481 3261 517 3325 in

350 3403 397 3487 11,
420 3403 454 3486 3,
477 3402 520 3469 24
544 3401 625 3488 ,Non
648 3401 710 3467 tibi
733 3405 881 3468 nascenti
904 3404 1034 3490 primis,
1056 3425 1130 3469 11166
1152 3406 1229 3487 vita,
1251 3401 1369 3468 diebus

600 3506 746 3573 Ardidus
769 3519 946 3595 argutum
969 3511 1108 3576 sternuit
1129 3532 1238 3575 omen
1260 3507 1395 3574 Amor?

306 3651 361 3735 (de
385 3653 478 3717 cuius
500 3671 612 3716 versus
636 3649 828 3716 condicione
852 3651 994 3717 diximus
1009 3675 1083 3739 pag.
1101 3654 1138 3718 11
1156 3652 1214 3738 sq.)
1230 3651 1433 3718 definiamus.
1455 3651 1522 3717 Pro

308 3758 520 3845 perspicuus,
542 3755 630 3821 haud
654 3755 785 3842 dubius,
807 3757 896 3823 haud
918 3757 1098 3843 ambiguus'
1122 3759 1246 3823 dictum
1268 3767 1384 3845 putant
1408 3780 1426 3822 e
1451 3755 1523 3822 Cic.

307 3864 374 3930 div.
401 3863 434 3946 2,
464 3861 505 3926 12
532 3861 586 3926 fin.
614 3864 829 3947 ,argutissima
847 3863 947 3930 exta!
975 3865 1045 3929 Nee
1072 3887 1241 3951 negarem,
1268 3867 1346 3948 nisi,
1374 3887 1449 3930 eum
1478 3864 1522 3932 de

308 3971 416 4037 omine
446 3967 622 4033 sternendo
649 3967 723 4034 dato
751 3979 878 4056 agatur,
907 3970 1039 4057 propria
1066 3970 1222 4037 adiectivi
1252 3973 1340 4037 notio
1367 3969 1521 4057 ,sonorus’

307 4077 393 4144 beno
415 4098 450 4142 se
473 4074 619 4140 haberet.

413 4179 519 4248 Valde
545 4200 640 4269 porro
667 4180 827 4268 placuisse
854 4179 985 4246 videtur
1007 4181 1173 4268 Propertio
1197 4183 1410 4268 adiectivum,
1433 4184 1523 4272 quod

309 4299 357 4356 cst
378 4285 515 4357 lentus.
545 4285 655 4353 Variis
682 4288 770 4353 enim
793 4296 826 4354 61
847 4287 975 4351 usitatis
998 4295 1030 4352 61
1052 4290 1145 4354 novis
1167 4289 1208 4356 ab
1232 4313 1270 4356 eo
1292 4290 1523 4379 frequentatur

308 4397 507 4480 notionibus,
536 4397 570 4460 in
598 4391 715 4482 quibus
742 4401 850 4461 tamen
873 4391 1022 4460 omnibus
1044 4395 1235 4483 principalis
1262 4400 1349 4474 inest
1370 4421 1524 4485 perseve·
1645 4439 1646 4442 =

308 4502 404 4571 randi
427 4504 486 4570 vis.
509 4501 561 4569 De
583 4509 672 4568 16116
695 4498 816 4584 frigore
840 4497 934 4580 durs,
958 4501 1010 4564 oui
1034 4504 1206 4587 opponitur
1228 4504 1367 4592 putris':

345 4647 386 4730 V,
410 4647 443 4732 3,
468 4643 510 4711 39
535 4643 635 4732 ,Quae
659 4638 777 4712 tellus
800 4639 842 4706 sit
864 4636 971 4706 lenta
993 4639 1081 4726 gelu,
1105 4662 1186 4728 quae
1207 4648 1312 4734 putris
1340 4647 1382 4716 ab
1410 4649 1525 4716 aestu!
