3326 5390
786 384 1002 482 ...50-

289 562 482 651 quibuscum
506 584 678 650 conpares:

332 689 432 774 Verg.
456 688 514 754 661.
538 688 568 772 2,
592 686 632 752 15
656 689 782 774 ,Nonne
805 688 868 753 fuit
891 653 1003 771 satius,
1026 689 1135 753 tristes
1156 635 1379 775 Amarpllidos
1394 665 1468 752 ’1166

657 792 764 881 Atque
788 793 929 882 superba
950 795 1019 881 pati
1041 793 1220 860 fastidiat.
1237 845 1244 859 .
1260 843 1267 860 .
1283 794 1290 821 ²

331 903 425 990 Prop.
446 901 506 988 IV,
533 900 582 984 13,
603 901 648 990 26
672 948 731 987 ,...
747 900 865 987 longae
888 899 980 966 nulla
1002 901 1134 988 repulsa
1157 900 1284 968 moree’.

288 1026 335 1092 Ut
365 1034 475 1091 autem
504 1026 621 1112 ,fastus'
651 1026 693 1091 de
728 1048 765 1092 66
794 1026 892 1108 dixit,
922 1025 1009 1112 quod
1038 1048 1056 1090 e
1083 1026 1168 1092 festu
1195 1028 1349 1113 sequitur,
1377 1024 1418 1091 de
1447 1047 1508 1111 ,re-

289 1129 399 1219 pulsa',
422 1133 470 1198 sio

289 1272 430 1344 crimen
452 1274 663 1362 singulariter
685 1297 744 1362 pro
768 1276 925 1361 infamia,
943 1273 1099 1341 dedeous’
1124 1277 1309 1364 usurpavit:

331 1398 371 1484 V,
385 1400 416 1484 4,
431 1399 474 1464 43
494 1399 670 1486 ,Quantum
693 1421 754 1485 ego
777 1422 849 1464 sum
870 1397 1025 1466 Ausoniis
1049 1401 1197 1465 crimen
1219 1400 1347 1464 foetura
1368 1397 1506 1484 puellis,

553 1505 696 1591 Inproba
717 1506 868 1592 virgineo
892 1503 977 1571 leota
999 1508 1150 1572 ministra
1171 1503 1265 1571 fooot’

289 1630 320 1696 A
342 1633 446 1719 primo
471 1629 613 1716 denique
635 1631 804 1717 Propertio

291 1769 410 1844 861166
434 1769 579 1837 absolute
602 1772 734 1858 ponitur
758 1771 799 1837 de
823 1771 1001 1837 liberorum
1024 1773 1127 1837 serie:

538 1893 593 1979 ,V‚
618 1895 671 1979 11,
696 1894 738 1960 69
762 1895 814 1982 ,Et
837 1898 939 1962 serie
962 1895 1076 1961 fulcite
1098 1893 1222 1982 genus',

290 2029 326 2085 ut
348 2019 420 2085 Vel.
443 2021 530 2085 Max.
557 2019 605 2103 H,
635 2017 664 2102 7,
693 2016 714 2082 5
745 2021 875 2106 ,veteris
906 2021 1157 2107 propinquitatis
1187 2018 1280 2085 serie’
1311 2019 1365 2085 vel
1397 2021 1507 2107 potius

289 2128 389 2214 Verg.
412 2126 495 2193 Aen.
518 2128 548 2210 3,
571 2126 613 2191 98
637 2126 880 2212 elegantissime
904 2126 946 2192 de
968 2124 1103 2194 Aeneae
1127 2149 1267 2214 genere:

458 2251 510 2338 ,Et
532 2252 602 2316 nati
625 2259 788 2335 natorum,
811 2260 844 2317 et
866 2253 922 2338 qui
944 2261 1121 2317 naseuntur
1144 2252 1185 2317 ab
1210 2250 1293 2318 illis'.

290 2385 430 2472 Aooepit
452 2385 541 2450 idem
563 2407 583 2449 6
603 2384 697 2471 Prop.
720 2384 872 2467 Ovidius,
896 2384 952 2472 qui
974 2393 1061 2472 pont.
1084 2385 1147 2469 HI,
1172 2386 1201 2469 2,
1222 2385 1284 2451 109
1308 2385 1429 2472 ,Digne
1451 2387 1507 2450 vir

291 2491 353 2558 hae
368 2489 469 2557 'serie'
494 2500 527 2557 et
549 2501 623 2557 met
649 2490 702 2576 13,
726 2492 787 2557 29:
1279 2495 1283 2502 '

446 2593 452 2618 ⁸
500 2615 711 2702 ,1166161161
735 2612 817 2680 haeo
840 2617 941 2680 series
965 2617 1000 2680 in
1024 2637 1154 2680 oausam
1176 2613 1295 2702 prosit’.

291 2746 405 2835 Aeque
429 2746 589 2828 absolute,
612 2747 670 2812 sed
693 2746 735 2812 de
759 2769 918 2813 annorum
941 2749 1041 2830 serie,
1065 2745 1186 2812 Auson.
1210 2749 1313 2835 epigr.
1339 2747 1418 2814 148:

450 2874 552 2959 ,Haeo
576 2875 639 2940 erit
661 2883 814 2940 aeternae
838 2877 940 2940 series
963 2873 1003 2940 ab
1027 2875 1156 2960 origine
1178 2871 1319 2948 Romae’.

395 3006 508 3071 Restat
523 3014 560 3071 ut
576 3028 765 3073 enumerem
783 3007 942 3073 nonnulla
964 3009 1193 3090 instrumenta,
1216 3027 1352 3093 quorum
1375 3007 1509 3070 nomina

291 3111 484 3198 vulgaribus
506 3111 640 3199 quidem
661 3111 842 3198 vocabulis,
866 3113 926 3178 sed
946 3116 1078 3201 propria
1104 3114 1283 3200 uniouique
1305 3115 1437 3180 notione
1461 3115 1509 3178 in-

292 3219 362 3283 dita
384 3219 470 3285 solus
493 3229 723 3285 commemorat
743 3219 949 3308 Propertius:
1315 3219 1317 3222 ’

293 3357 415 3430 clavis
447 3361 569 3429 dieitur
584 3345 587 3352 ¹
601 3365 865 3449 instrumentum,
900 3387 962 3451 quo
996 3364 1144 3430 troohum
1178 3365 1337 3451 agitatum
1370 3386 1438 3429 esse
1472 3365 1507 3428 in

292 3467 379 3534 ludis
401 3471 628 3556 gymnastioir,
651 3471 831 3536 verisimile
857 3481 921 3536 est:

411 3592 468 3676 IV,
494 3592 547 3678 13,
572 3594 592 3659 6
617 3593 779 3681 ,increpat
803 3605 835 3663 et
857 3597 944 3661 versi
968 3595 1092 3661 clavis
1115 3594 1244 3661 adunca
1264 3592 1388 3659 troohi'.

293 3722 367 3805 Qua
389 3725 431 3791 de
454 3748 490 3792 re
513 3727 597 3813 quid
616 3727 857 3814 disputaverint
878 3730 943 3794 viri
970 3727 1086 3795 harum
1116 3750 1225 3794 rerum
1254 3727 1365 3814 periti,
1395 3701 1508 3812 videas

293 3832 328 3895 in
350 3831 484 3897 Hertab.
508 3855 621 3898 comm.
644 3834 695 3899 ad.
718 3834 750 3900 h.
773 3834 792 3899 1.
820 3834 954 3901 Deinde

290 3969 413 4041 1011116
437 3973 559 4039 dieitur
583 3974 624 4041 de
647 3978 886 4061 instrumentis,
908 3976 1027 4064 quibus
1051 3977 1190 4063 figuram
1218 3973 1381 4061 quandam
1408 3975 1507 4061 inpri-

292 4087 385 4143 munt
408 4080 551 4147 artifices
575 4085 745 4166 materiae,
770 4082 811 4149 de
837 4105 888 4166 eo,
911 4105 973 4170 quo
997 4080 1508 4149 6616161166166661661166111166

292 4187 402 4270 utitur,
430 4187 508 4252 Hor.
536 4199 592 4254 sat
619 4190 666 4273 Π,
694 4191 726 4274 3,
758 4190 835 4272 106;
865 4187 1000 4275 ,formas'
1029 4189 1150 4256 deinde
1178 4185 1318 4275 ,buxeas’
1347 4187 1508 4252 11666616

294 4293 518 4379 exprimendis
549 4294 753 4361 adhibebant
783 4304 866 4362 teste
899 4293 966 4360 001.
1000 4295 1032 4381 8,
1060 4297 1095 4378 e,
1127 4293 1264 4382 ,formae
1294 4285 1436 4380 denique
1465 4295 1508 4379 ,in

293 4399 411 4486 quibus
434 4423 510 4466 aera
537 4400 727 4468 funduntur’
757 4413 1050 4480 commemorantur
1077 4425 1096 4467 a
1121 4403 1262 4472 Ρ111.11.
1288 4401 1319 4468 h.
1346 4396 1508 4484 XXXVI,

293 4505 337 4571 22
360 4505 439 4590 (49),
470 4506 544 4591 168,
572 4518 669 4595 atque
697 4531 737 4574 66
765 4518 813 4575 est
840 4511 941 4593 notio,
969 4533 1051 4597 quae
1080 4511 1166 4574 inest
1193 4510 1228 4573 in
1257 4529 1337 4572 vooe
1362 4505 1507 4572 absolute

294 4614 399 4698 posita
421 4636 440 4678 6
462 4613 646 4701 Propertio:
