3326 5390
773 385 988 450 -.1ο-

271 558 358 646 lyra
385 561 517 625 nixum
544 562 653 645 finxit,
684 560 838 626 eomodo
862 559 988 626 locutus
1011 569 1071 642 est,
1099 582 1161 625 nec
1184 560 1384 647 persuadent
1406 563 1490 627 istac

270 664 468 752 Herabergii
492 669 640 754 argutiae
668 667 766 754 ,Quid
790 669 878 733 enim
901 666 1050 732 arborem
1074 665 1164 733 illam
1186 669 1335 755 proxime
1359 678 1492 734 antrum

271 775 366 872 sitam
395 772 478 859 fingi
507 772 686 840 vetuerit‘l'
721 775 823 840 Recte
856 773 1001 860 quidem,
1031 795 1207 860 provocare
1238 795 1303 839 non
1335 772 1491 840 debuisse

271 881 480 965 interpretes,
504 882 606 947 sensit
628 878 774 965 Hertzb,
799 879 842 944 ad
863 879 921 962 IV,
944 878 1000 963 22,
1022 880 1065 945 33

401 999 557 1089 ,Penthea
580 1021 645 1064 non
669 1021 785 1066 saevae
808 1008 971 1065 venantur
995 1000 1030 1063 in
1053 996 1169 1064 arbore
1191 997 1359 1083 Bacchae’,

271 1122 329 1188 ubi
353 1144 371 1188 e
393 1120 533 1186 Penthei
557 1117 669 1184 fabula
696 1117 767 1184 coll.
789 1118 867 1183 Eur.
891 1117 1010 1183 Bacch.
1036 1119 1121 1185 1093
1143 1119 1375 1188 Lachmannus
1402 1124 1491 1210 apud

270 1227 424 1294 Iacobum
447 1228 611 1313 propriam
635 1229 800 1292 notionem
823 1225 954 1292 subesse
971 1224 1157 1291 observavit
1179 1226 1232 1308 (cf.
1251 1237 1398 1294 ceterum
1413 1230 1491 1296 Otto

272 1333 367 1422 ,sabb
393 1332 518 1421 Propp’
545 1332 592 1416 Π,
623 1334 662 1399 11
690 1354 797 1420 progr.
825 1355 937 1418 gymn.
965 1330 1208 1419 Gross-Glogau
1237 1333 1344 1423 1886).
1373 1336 1489 1425 Neque

272 1442 395 1507 inimic
418 1442 488 1527 ipse
511 1439 644 1505 Hertzb.
668 1449 823 1526 conparat

415 1566 454 1653 V,
478 1566 511 1650 4,
535 1567 557 1630 4
581 1565 758 1652 ,Multaque
782 1565 902 1629 nativis
925 1563 1084 1651 obstrepit
1107 1565 1203 1631 arbor
1226 1565 1335 1654 aquis',

272 1691 358 1779 quod
387 1692 495 1758 minus
521 1690 678 1756 audacter
706 1689 830 1754 dictum
858 1691 894 1755 in
921 1689 1029 1755 medio
1060 1700 1208 1755 versatur
1235 1693 1322 1757 inter
1353 1692 1490 1779 vulgare

273 1797 422 1886 ,arbores’
446 1808 479 1863 et
495 1797 662 1884 singulare
686 1795 807 1882 ,arbor’,
831 1818 914 1883 quae
935 1795 1089 1884 loquendi
1112 1799 1195 1863 ratio
1211 1800 1340 1885 saepius
1363 1800 1490 1885 aProp.

273 1903 463 1989 adhibetur,
491 1913 527 1969 ut
554 1903 666 1990 ,multa
692 1901 816 1969 umbra'
839 1902 879 1986 V,
903 1903 936 1984 9,
963 1901 1007 1969 30
1034 1903 1145 1990 ,multa
1172 1903 1280 1970 arena'
1307 1904 1354 1988 Π,
1382 1907 1417 1989 8,
1438 1905 1490 1971 33.

272 2011 336 2076 Per
359 2010 589 2097 synecdochen
614 2012 712 2076 etiam

275 2141 425 2228 tompus
446 2165 505 2230 pro
528 2146 635 2230 capite
658 2144 783 2230 primus
806 2141 892 2207 dixit
916 2139 1064 2207 Catullus
1087 2143 1142 2226 61,
1169 2143 1249 2209 161:

593 2259 712 2346 ,Usque
736 2258 813 2324 dum
835 2256 1011 2323 tremulum
1034 2282 1168 2324 movens

593 2363 684 2430 Cana
705 2374 833 2451 tempus
856 2363 988 2429 anilitas

592 2471 713 2538 Omnia
735 2470 885 2536 omnibus
908 2470 1045 2536 adnuit!

273 2599 389 2688 Aquo
413 2608 580 2686 acceptam
603 2619 669 2662 non
692 2596 786 2661 modo
809 2594 961 2662 adhibuit
984 2598 1217 2684 metonymiam
1239 2598 1350 2685 Prop.:

310 2740 312 2744 ’
380 2724 419 2810 V,
443 2725 477 2809 9,
503 2723 543 2789 15
568 2721 740 2810 ,Maenalio
763 2722 866 2787 iacuit
887 2719 999 2806 pulsus
1021 2722 1086 2786 tria
1107 2729 1253 2808 tempora
1275 2745 1364 2789 ramo

618 2826 754 2911 Lacus’,

275 2958 332 3025 sed
356 2958 455 3023 etiam
478 2978 517 3020 ea
539 2952 752 3040 singulariter
775 2975 851 3018 usus
876 2959 924 3016 est
947 2951 1004 3027 ita,
1031 2959 1068 3015 ut
1091 2949 1206 3037 facies,
1232 2953 1342 3020 vultus
1365 2955 1491 3022 intelle-

275 3064 402 3151 gendus
425 3063 482 3127 sit:

340 3189 405 3272 III,
429 3187 484 3272 11,
508 3166 528 3250 9
552 3183 662 3271 ,An
637 3207 664 3249 si
689 3181 839 3247 caeruleo
862 3181 1022 3269 quaedam
1046 3204 1104 3248 sua
1125 3192 1299 3271 tempora
1321 3186 1395 3252 fuco

601 3290 767 3372 Tinxerit,
791 3287 914 3352 idcirco
939 3287 1070 3352 caerula
1093 3287 1196 3356 forma
1217 3290 1369 3358 bonast?'

275 3361 402 3488 Usitato
425 3441 524 3486 sensu
544 3417 650 3505 posita
672 3423 721 3480 est
743 3413 860 3495 voxl,
883 3413 916 3495 3,
940 3411 999 3494 22·
1022 3413 1087 3494 ΙΠ,
1112 3415 1165 3498 18,
1189 3415 1227 3500 3,
1249 3416 1307 3500 IV,
1332 3419 1385 3503 16,
1412 3419 1461 3485 13.

275 3569 374 3641 gella
396 3552 470 3618 de
461 3552 541 3638 ipsis
563 3548 666 3615 oculis
688 3549 813 3634 primus
834 3547 928 3633 Prop.
951 3545 1054 3610 dixit:

363 3668 420 3753 IV,
445 3671 495 3752 11,
518 3665 560 3733 26
585 3666 802 3754 Exustaeque
824 3671 900 3728 tuae
923 3683 1010 3745 mox,
1033 3621 1247 3749 Polypheme,
1271 3664 1412 3750 genae',

399 3774 439 3858 V,
462 3775 496 3858 5,
522 3775 562 3840 16
587 3771 772 3861 Cornioum
795 3771 965 3836 inmeritas
989 3771 1075 3834 eruit
1097 3791 1208 3855 ungue
1231 3770 1369 3855 genas'

276 3901 359 3968 Inde
383 3900 539 3967 Ovidius:

383 4033 470 4112 pont.
491 4023 540 4107 Π,
563 4023 595 4106 8,
619 4021 662 4086 66
686 4021 739 4108 ,Et
761 4022 867 4108 patiar
889 4020 982 4084 fossis
1005 4018 1116 4083 lumen
1139 4017 1231 4083 abire
1254 4017 1366 4103 genis',

426 4132 496 4197 her.
519 4131 574 4214 20,
597 4127 663 4194 206
686 4127 884 4214 ,Restiterim
905 4125 981 4189 fixis
1004 4125 1040 4188 in
1063 4132 1119 4188 tua
1141 4122 1288 4190 membra
1309 4126 1427 4210 genis',

278 4257 319 4322 of.
347 4255 422 4322 Sen.
450 4253 567 4322 Troad
595 4253 669 4318 442.
698 4251 762 4315 Ρ1ο
783 4248 953 4337 palpebra,
977 4270 995 4312 e
1019 4269 1082 4334 qua
1105 4248 1230 4312 notiore
1253 4249 1493 4334 significatione
1630 4259 1632 4266 “

278 4363 337 4430 illa
359 4362 508 4430 derivata
532 4369 593 4444 est,
617 4359 731 4425 eadem
754 4379 819 4423 vox
841 4357 1020 4442 reperitur:

383 4485 424 4571 V,
447 4486 501 4569 11,
525 4486 569 4552 80
591 4482 683 4571 ,Cum
706 4483 855 4565 venient,
879 4481 975 4546 siccis
997 4478 1107 4545 oscula
1130 4476 1208 4544 falle
1232 4481 1327 4564 genis
1337 4479 1353 4544 !'

280 4610 452 4680 Communi
475 4610 617 4698 denique
640 4633 701 4675 usu
723 4631 781 4698 pro
804 4607 898 4674 malis
920 4608 984 4693 ΠΙ,
1012 4607 1064 4692 10,
1088 4605 1125 4689 6;
1149 4604 1188 4690 V,
1211 4605 1245 4690 8,
1269 4606 1321 4672 26.
