<?xml version="1.0" encoding="UTF-8"?>
<!DOCTYPE html PUBLIC "-//W3C//DTD XHTML 1.0 Transitional//EN"
    "http://www.w3.org/TR/xhtml1/DTD/xhtml1-transitional.dtd">
<html xmlns="http://www.w3.org/1999/xhtml" xml:lang="en" lang="en">
 <head>
  <title>
</title>
<meta http-equiv="Content-Type" content="text/html;charset=utf-8" />
  <meta name='ocr-system' content='tesseract 3.04.00' />
  <meta name='ocr-capabilities' content='ocr_page ocr_carea ocr_par ocr_line ocrx_word'/>
</head>
<body>
  <div class='ocr_page' id='page_1' title='image "./depropertioserm00schngoog_0019.png"; bbox 0 0 3326 5390; ppageno 0'>
   <div class='ocr_carea' id='block_1_1' title="bbox 795 383 1012 447">
    <p class='ocr_par' dir='ltr' id='par_1_1' title="bbox 795 383 1012 447">
     <span class='ocr_line' id='line_1_1' title="bbox 795 383 1012 447; baseline -0.005 -17"><span class='ocrx_word' id='word_1_1' title='bbox 795 383 1012 447; x_wconf 59' lang='lat'>..14-</span> 
     </span>
    </p>
   </div>
   <div class='ocr_carea' id='block_1_2' title="bbox 294 555 1512 1480">
    <p class='ocr_par' dir='ltr' id='par_1_2' title="bbox 294 555 1512 1284">
     <span class='ocr_line' id='line_1_2' title="bbox 295 555 1510 644; baseline 0.002 -23"><span class='ocrx_word' id='word_1_2' title='bbox 295 558 359 622; x_wconf 86' lang='lat' dir='ltr'><strong>tius</strong></span> <span class='ocrx_word' id='word_1_3' title='bbox 375 577 556 623; x_wconf 87' lang='lat' dir='ltr'><strong>sermonem</strong></span> <span class='ocrx_word' id='word_1_4' title='bbox 572 555 796 642; x_wconf 20' lang='lat' dir='ltr'><strong>eamlformam</strong></span> <span class='ocrx_word' id='word_1_5' title='bbox 810 555 874 621; x_wconf 91' lang='lat' dir='ltr'><strong>sibi</strong></span> <span class='ocrx_word' id='word_1_6' title='bbox 889 556 1032 640; x_wconf 86' lang='lat' dir='ltr'><strong>finxisse,</strong></span> <span class='ocrx_word' id='word_1_7' title='bbox 1054 557 1260 644; x_wconf 81' lang='lat' dir='ltr'><strong>Propertium</strong></span> <span class='ocrx_word' id='word_1_8' title='bbox 1279 568 1389 641; x_wconf 76' lang='lat' dir='ltr'><strong>autem</strong></span> <span class='ocrx_word' id='word_1_9' title='bbox 1406 557 1510 625; x_wconf 90' lang='lat' dir='ltr'><strong>solum</strong></span> 
     </span>
     <span class='ocr_line' id='line_1_3' title="bbox 295 664 1510 754; baseline 0.002 -27"><span class='ocrx_word' id='word_1_10' title='bbox 295 665 487 750; x_wconf 87' lang='lat' dir='ltr'><strong>scriptorum</strong></span> <span class='ocrx_word' id='word_1_11' title='bbox 518 685 589 728; x_wconf 90' lang='lat' dir='ltr'><strong>eam</strong></span> <span class='ocrx_word' id='word_1_12' title='bbox 616 664 778 747; x_wconf 78' lang='lat' dir='ltr'><strong>recepisse</strong></span> <span class='ocrx_word' id='word_1_13' title='bbox 800 665 994 748; x_wconf 89' lang='lat' dir='ltr'><strong>putaverim.</strong></span> <span class='ocrx_word' id='word_1_14' title='bbox 1033 664 1179 730; x_wconf 80' lang='lat' dir='ltr'><strong>Tertiam</strong></span> <span class='ocrx_word' id='word_1_15' title='bbox 1209 687 1335 754; x_wconf 89' lang='lat' dir='ltr'><strong>quoque</strong></span> <span class='ocrx_word' id='word_1_16' title='bbox 1362 664 1510 732; x_wconf 91' lang='lat' dir='ltr'><strong>eiusdem</strong></span> 
     </span>
     <span class='ocr_line' id='line_1_4' title="bbox 295 769 1512 858; baseline 0.003 -24"><span class='ocrx_word' id='word_1_17' title='bbox 295 769 531 836; x_wconf 79' lang='lat' dir='ltr'><strong>denominativi</strong></span> <span class='ocrx_word' id='word_1_18' title='bbox 554 770 690 834; x_wconf 88' lang='lat' dir='ltr'><strong>formam</strong></span> <span class='ocrx_word' id='word_1_19' title='bbox 709 793 778 836; x_wconf 87' lang='lat' dir='ltr'><strong>esse</strong></span> <span class='ocrx_word' id='word_1_20' title='bbox 798 782 1004 855; x_wconf 88' lang='lat' dir='ltr'><strong>censuerunt,</strong></span> <span class='ocrx_word' id='word_1_21' title='bbox 1021 771 1107 858; x_wconf 91' lang='lat' dir='ltr'><strong>quod</strong></span> <span class='ocrx_word' id='word_1_22' title='bbox 1123 773 1279 838; x_wconf 90' lang='lat' dir='ltr'><strong>traditum</strong></span> <span class='ocrx_word' id='word_1_23' title='bbox 1295 784 1343 840; x_wconf 86' lang='lat' dir='ltr'><strong>est</strong></span> <span class='ocrx_word' id='word_1_24' title='bbox 1358 774 1453 838; x_wconf 82' lang='lat' dir='ltr'><strong>Mart</strong></span> <span class='ocrx_word' id='word_1_25' title='bbox 1467 771 1512 854; x_wconf 87' lang='lat' dir='ltr'><strong>V,</strong></span> 
     </span>
     <span class='ocr_line' id='line_1_5' title="bbox 294 874 1511 965; baseline 0.001 -23"><span class='ocrx_word' id='word_1_26' title='bbox 294 877 350 959; x_wconf 81' lang='lat'><strong>28,</strong></span> <span class='ocrx_word' id='word_1_27' title='bbox 378 876 397 939; x_wconf 88' lang='lat'><strong>3</strong></span> <span class='ocrx_word' id='word_1_28' title='bbox 422 876 555 961; x_wconf 80' lang='lat' dir='ltr'><strong>,Pietate</strong></span> <span class='ocrx_word' id='word_1_29' title='bbox 579 875 695 941; x_wconf 78' lang='lat' dir='ltr'><strong>fratres</strong></span> <span class='ocrx_word' id='word_1_30' title='bbox 719 874 848 943; x_wconf 79' lang='lat' dir='ltr'><strong>Curtios</strong></span> <span class='ocrx_word' id='word_1_31' title='bbox 870 877 949 944; x_wconf 91' lang='lat' dir='ltr'><strong>licet</strong></span> <span class='ocrx_word' id='word_1_32' title='bbox 970 877 1102 944; x_wconf 86' lang='lat' dir='ltr'><strong>vincas’.</strong></span> <span class='ocrx_word' id='word_1_33' title='bbox 1138 877 1205 945; x_wconf 87' lang='lat' dir='ltr'><strong>Sed</strong></span> <span class='ocrx_word' id='word_1_34' title='bbox 1227 903 1300 947; x_wconf 91' lang='lat' dir='ltr'><strong>cum</strong></span> <span class='ocrx_word' id='word_1_35' title='bbox 1324 882 1359 944; x_wconf 91' lang='lat' dir='ltr'><strong>in</strong></span> <span class='ocrx_word' id='word_1_36' title='bbox 1383 903 1421 948; x_wconf 92' lang='lat' dir='ltr'><strong>eo</strong></span> <span class='ocrx_word' id='word_1_37' title='bbox 1444 881 1511 965; x_wconf 87' lang='lat' dir='ltr'><strong>epi·</strong></span> 
     </span>
     <span class='ocr_line' id='line_1_6' title="bbox 294 982 1509 1069; baseline 0.002 -22"><span class='ocrx_word' id='word_1_38' title='bbox 294 992 473 1068; x_wconf 79' lang='lat' dir='ltr'><strong>grammate</strong></span> <span class='ocrx_word' id='word_1_39' title='bbox 496 1004 562 1048; x_wconf 93' lang='lat' dir='ltr'><strong>non</strong></span> <span class='ocrx_word' id='word_1_40' title='bbox 584 984 649 1047; x_wconf 90' lang='lat' dir='ltr'><strong>nisi</strong></span> <span class='ocrx_word' id='word_1_41' title='bbox 673 982 713 1047; x_wconf 91' lang='lat' dir='ltr'><strong>de</strong></span> <span class='ocrx_word' id='word_1_42' title='bbox 737 982 928 1069; x_wconf 85' lang='lat' dir='ltr'><strong>aequalibus</strong></span> <span class='ocrx_word' id='word_1_43' title='bbox 950 983 1111 1050; x_wconf 84' lang='lat' dir='ltr'><strong>Martialis</strong></span> <span class='ocrx_word' id='word_1_44' title='bbox 1134 1005 1238 1050; x_wconf 90' lang='lat' dir='ltr'><strong>sermo</strong></span> <span class='ocrx_word' id='word_1_45' title='bbox 1261 987 1316 1069; x_wconf 88' lang='lat' dir='ltr'><strong>sit,</strong></span> <span class='ocrx_word' id='word_1_46' title='bbox 1344 987 1443 1050; x_wconf 87' lang='lat' dir='ltr'><strong>etiam</strong></span> <span class='ocrx_word' id='word_1_47' title='bbox 1471 1006 1509 1050; x_wconf 93' lang='lat' dir='ltr'><strong>eo</strong></span> 
     </span>
     <span class='ocr_line' id='line_1_7' title="bbox 294 1087 1508 1178; baseline 0.001 -24"><span class='ocrx_word' id='word_1_48' title='bbox 294 1091 425 1155; x_wconf 89' lang='lat' dir='ltr'><strong>nomine</strong></span> <span class='ocrx_word' id='word_1_49' title='bbox 449 1089 533 1155; x_wconf 91' lang='lat' dir='ltr'><strong>nihil</strong></span> <span class='ocrx_word' id='word_1_50' title='bbox 557 1089 648 1155; x_wconf 88' lang='lat' dir='ltr'><strong>aliud</strong></span> <span class='ocrx_word' id='word_1_51' title='bbox 670 1087 782 1171; x_wconf 88' lang='lat' dir='ltr'><strong>latere,</strong></span> <span class='ocrx_word' id='word_1_52' title='bbox 801 1112 890 1154; x_wconf 92' lang='lat' dir='ltr'><strong>nunc</strong></span> <span class='ocrx_word' id='word_1_53' title='bbox 906 1100 1038 1175; x_wconf 88' lang='lat' dir='ltr'><strong>constat,</strong></span> <span class='ocrx_word' id='word_1_54' title='bbox 1058 1101 1091 1156; x_wconf 89' lang='lat' dir='ltr'><strong>et</strong></span> <span class='ocrx_word' id='word_1_55' title='bbox 1106 1102 1240 1178; x_wconf 90' lang='lat' dir='ltr'><strong>accepta</strong></span> <span class='ocrx_word' id='word_1_56' title='bbox 1260 1102 1308 1158; x_wconf 90' lang='lat' dir='ltr'><strong>est</strong></span> <span class='ocrx_word' id='word_1_57' title='bbox 1325 1092 1508 1158; x_wconf 87' lang='lat' dir='ltr'><strong>emendatio</strong></span> 
     </span>
     <span class='ocr_line' id='line_1_8' title="bbox 294 1194 1167 1284; baseline 0.002 -23"><span class='ocrx_word' id='word_1_58' title='bbox 294 1194 448 1284; x_wconf 64' lang='lat' dir='ltr'><strong>,Curvios’</strong></span> <span class='ocrx_word' id='word_1_59' title='bbox 473 1196 514 1262; x_wconf 93' lang='lat' dir='ltr'><strong>de</strong></span> <span class='ocrx_word' id='word_1_60' title='bbox 537 1219 601 1283; x_wconf 90' lang='lat' dir='ltr'><strong>qua</strong></span> <span class='ocrx_word' id='word_1_61' title='bbox 622 1196 688 1261; x_wconf 90' lang='lat' dir='ltr'><strong>vid</strong></span> <span class='ocrx_word' id='word_1_62' title='bbox 711 1195 1006 1263; x_wconf 85' lang='lat' dir='ltr'><strong>Friedlaenderum</strong></span> <span class='ocrx_word' id='word_1_63' title='bbox 1027 1197 1070 1262; x_wconf 92' lang='lat' dir='ltr'><strong>ad</strong></span> <span class='ocrx_word' id='word_1_64' title='bbox 1091 1199 1123 1263; x_wconf 91' lang='lat' dir='ltr'><strong>h.</strong></span> <span class='ocrx_word' id='word_1_65' title='bbox 1146 1198 1167 1263; x_wconf 87' lang='lat' dir='ltr'><strong>l</strong></span> 
     </span>
    </p>

    <p class='ocr_par' dir='ltr' id='par_1_3' title="bbox 294 1305 1508 1480">
     <span class='ocr_line' id='line_1_9' title="bbox 397 1305 1508 1374; baseline 0 -2"><span class='ocrx_word' id='word_1_66' title='bbox 397 1307 508 1372; x_wconf 83' lang='lat' dir='ltr'><strong>Etiam</strong></span> <span class='ocrx_word' id='word_1_67' title='bbox 536 1305 736 1371; x_wconf 75' lang='lat' dir='ltr'><strong>Graecorum</strong></span> <span class='ocrx_word' id='word_1_68' title='bbox 763 1308 932 1372; x_wconf 89' lang='lat' dir='ltr'><strong>nominum</strong></span> <span class='ocrx_word' id='word_1_69' title='bbox 959 1307 1124 1374; x_wconf 89' lang='lat' dir='ltr'><strong>adiectiva</strong></span> <span class='ocrx_word' id='word_1_70' title='bbox 1150 1307 1302 1374; x_wconf 89' lang='lat' dir='ltr'><strong>breviore</strong></span> <span class='ocrx_word' id='word_1_71' title='bbox 1328 1306 1432 1372; x_wconf 82' lang='lat' dir='ltr'><strong>forma</strong></span> <span class='ocrx_word' id='word_1_72' title='bbox 1458 1328 1508 1374; x_wconf 88' lang='lat' dir='ltr'><strong>oc·</strong></span> 
     </span>
     <span class='ocr_line' id='line_1_10' title="bbox 294 1425 446 1480; baseline 0 -2"><span class='ocrx_word' id='word_1_73' title='bbox 294 1425 446 1480; x_wconf 90' lang='lat' dir='ltr'><strong>currunt:</strong></span> 
     </span>
    </p>
   </div>
   <div class='ocr_carea' id='block_1_3' title="bbox 292 1542 1508 1934">
    <p class='ocr_par' dir='ltr' id='par_1_4' title="bbox 292 1542 1508 1934">
     <span class='ocr_line' id='line_1_11' title="bbox 292 1542 1508 1631; baseline -0.006 -18"><span class='ocrx_word' id='word_1_74' title='bbox 292 1543 527 1613; x_wconf 73' lang='lat' dir='ltr'><strong>Athamanas</strong></span> <span class='ocrx_word' id='word_1_75' title='bbox 553 1544 592 1629; x_wconf 89' lang='lat' dir='ltr'><strong>V,</strong></span> <span class='ocrx_word' id='word_1_76' title='bbox 621 1544 651 1629; x_wconf 83' lang='lat'><strong>6,</strong></span> <span class='ocrx_word' id='word_1_77' title='bbox 680 1542 721 1609; x_wconf 83' lang='lat'><strong>15</strong></span> <span class='ocrx_word' id='word_1_78' title='bbox 753 1545 953 1611; x_wconf 85' lang='lat' dir='ltr'><strong>adiectivum</strong></span> <span class='ocrx_word' id='word_1_79' title='bbox 987 1546 1029 1612; x_wconf 90' lang='lat' dir='ltr'><strong>de</strong></span> <span class='ocrx_word' id='word_1_80' title='bbox 1062 1547 1250 1631; x_wconf 85' lang='lat' dir='ltr'><strong>Epiroticae</strong></span> <span class='ocrx_word' id='word_1_81' title='bbox 1280 1543 1424 1630; x_wconf 86' lang='lat' dir='ltr'><strong>regionis</strong></span> <span class='ocrx_word' id='word_1_82' title='bbox 1454 1563 1508 1607; x_wconf 79' lang='lat' dir='ltr'><strong>no</strong></span> 
     </span>
     <span class='ocr_line' id='line_1_12' title="bbox 292 1647 1506 1739; baseline -0.002 -23"><span class='ocrx_word' id='word_1_83' title='bbox 292 1654 395 1735; x_wconf 91' lang='lat' dir='ltr'><strong>mine,</strong></span> <span class='ocrx_word' id='word_1_84' title='bbox 418 1650 504 1738; x_wconf 92' lang='lat' dir='ltr'><strong>quod</strong></span> <span class='ocrx_word' id='word_1_85' title='bbox 527 1650 643 1717; x_wconf 90' lang='lat' dir='ltr'><strong>Strabo</strong></span> <span class='ocrx_word' id='word_1_86' title='bbox 666 1651 699 1735; x_wconf 86' lang='lat'><strong>9,</strong></span> <span class='ocrx_word' id='word_1_87' title='bbox 722 1649 800 1735; x_wconf 89' lang='lat'>435,</span> <span class='ocrx_word' id='word_1_88' title='bbox 827 1651 894 1717; x_wconf 94' lang='lat'><strong>444</strong></span> <span class='ocrx_word' id='word_1_89' title='bbox 923 1652 1127 1739; x_wconf 51' lang='lat' dir='ltr'><strong>,liberantem</strong></span> <span class='ocrx_word' id='word_1_90' title='bbox 1149 1655 1222 1719; x_wconf 87' lang='lat' dir='ltr'><strong>Liv.</strong></span> <span class='ocrx_word' id='word_1_91' title='bbox 1248 1651 1377 1735; x_wconf 89' lang='lat' dir='ltr'>XXVI,</span> <span class='ocrx_word' id='word_1_92' title='bbox 1408 1649 1460 1733; x_wconf 89' lang='lat'><strong>14,</strong></span> <span class='ocrx_word' id='word_1_93' title='bbox 1489 1647 1506 1712; x_wconf 81' lang='lat' dir='ltr'><strong>&#39;l</strong></span> 
     </span>
     <span class='ocr_line' id='line_1_13' title="bbox 293 1756 1508 1849; baseline -0.003 -25"><span class='ocrx_word' id='word_1_94' title='bbox 293 1756 507 1847; x_wconf 70' lang='lat' dir='ltr'><strong>,Athamania’</strong></span> <span class='ocrx_word' id='word_1_95' title='bbox 530 1757 685 1840; x_wconf 83' lang='lat' dir='ltr'><strong>tradidit3</strong></span> <span class='ocrx_word' id='word_1_96' title='bbox 707 1758 834 1824; x_wconf 81' lang='lat' dir='ltr'><strong>incolae</strong></span> <span class='ocrx_word' id='word_1_97' title='bbox 855 1757 1072 1844; x_wconf 68' lang='lat' dir='ltr'><strong>,Athamanes&#39;</strong></span> <span class='ocrx_word' id='word_1_98' title='bbox 1093 1763 1156 1847; x_wconf 87' lang='lat' dir='ltr'><strong>(gr.</strong></span> <span class='ocrx_word' id='word_1_99' title='bbox 1176 1759 1508 1849; x_wconf 69' lang='lat' dir='ltr'><strong>llbupdosclsaepius</strong></span> 
     </span>
     <span class='ocr_line' id='line_1_14' title="bbox 292 1871 1446 1934; baseline -0.003 0"><span class='ocrx_word' id='word_1_100' title='bbox 292 1878 458 1934; x_wconf 86' lang='lat' dir='ltr'><strong>vocantur.</strong></span> <span class='ocrx_word' id='word_1_101' title='bbox 1441 1871 1446 1886; x_wconf 91' lang='lat'>&#39;</span> 
     </span>
    </p>
   </div>
   <div class='ocr_carea' id='block_1_4' title="bbox 291 1997 1507 2305">
    <p class='ocr_par' dir='ltr' id='par_1_5' title="bbox 291 1997 1507 2305">
     <span class='ocr_line' id='line_1_15' title="bbox 292 1997 1507 2091; baseline -0.005 -20"><span class='ocrx_word' id='word_1_102' title='bbox 292 1997 486 2072; x_wconf 77' lang='lat' dir='ltr'><strong>Ceraunus</strong></span> <span class='ocrx_word' id='word_1_103' title='bbox 508 2003 572 2087; x_wconf 91' lang='grc' dir='ltr'><strong>ΠΙ,</strong></span> <span class='ocrx_word' id='word_1_104' title='bbox 596 2002 626 2087; x_wconf 90' lang='grc'><strong>8,</strong></span> <span class='ocrx_word' id='word_1_105' title='bbox 649 2003 669 2070; x_wconf 89' lang='lat'><strong>3</strong></span> <span class='ocrx_word' id='word_1_106' title='bbox 692 2001 983 2088; x_wconf 72' lang='lat' dir='ltr'><strong>,saxo-Cerauno&#39;</strong></span> <span class='ocrx_word' id='word_1_107' title='bbox 1006 2027 1065 2091; x_wconf 87' lang='lat' dir='ltr'><strong>pro</strong></span> <span class='ocrx_word' id='word_1_108' title='bbox 1089 2001 1298 2090; x_wconf 71' lang='lat' dir='ltr'><strong>,Ceraunius&#39;,</strong></span> <span class='ocrx_word' id='word_1_109' title='bbox 1320 2025 1417 2090; x_wconf 88' lang='lat' dir='ltr'><strong>quam</strong></span> <span class='ocrx_word' id='word_1_110' title='bbox 1438 2003 1507 2089; x_wconf 92' lang='lat' dir='ltr'><strong>ipse</strong></span> 
     </span>
     <span class='ocr_line' id='line_1_16' title="bbox 292 2108 1507 2197; baseline -0.003 -22"><span class='ocrx_word' id='word_1_111' title='bbox 292 2132 417 2197; x_wconf 89' lang='lat' dir='ltr'><strong>quoque</strong></span> <span class='ocrx_word' id='word_1_112' title='bbox 450 2108 549 2175; x_wconf 90' lang='lat' dir='ltr'><strong>habet</strong></span> <span class='ocrx_word' id='word_1_113' title='bbox 577 2110 606 2193; x_wconf 95' lang='lat' dir='ltr'><strong>I,</strong></span> <span class='ocrx_word' id='word_1_114' title='bbox 637 2109 668 2192; x_wconf 86' lang='lat'><strong>8,</strong></span> <span class='ocrx_word' id='word_1_115' title='bbox 704 2109 743 2174; x_wconf 89' lang='grc'><strong>19</strong></span> <span class='ocrx_word' id='word_1_116' title='bbox 779 2110 916 2175; x_wconf 87' lang='lat' dir='ltr'><strong>formam</strong></span> <span class='ocrx_word' id='word_1_117' title='bbox 954 2121 986 2176; x_wconf 92' lang='lat' dir='ltr'><strong>et</strong></span> <span class='ocrx_word' id='word_1_118' title='bbox 1018 2135 1038 2176; x_wconf 88' lang='lat' dir='ltr'><strong>a</strong></span> <span class='ocrx_word' id='word_1_119' title='bbox 1070 2109 1206 2176; x_wconf 80' lang='lat' dir='ltr'><strong>Graecis</strong></span> <span class='ocrx_word' id='word_1_120' title='bbox 1239 2118 1272 2175; x_wconf 89' lang='lat' dir='ltr'><strong>et</strong></span> <span class='ocrx_word' id='word_1_121' title='bbox 1303 2132 1322 2174; x_wconf 93' lang='lat' dir='ltr'><strong>a</strong></span> <span class='ocrx_word' id='word_1_122' title='bbox 1352 2109 1507 2174; x_wconf 88' lang='lat' dir='ltr'><strong>Romanis</strong></span> 
     </span>
     <span class='ocr_line' id='line_1_17' title="bbox 291 2213 1368 2305; baseline -0.001 -25"><span class='ocrx_word' id='word_1_123' title='bbox 291 2219 389 2282; x_wconf 85' lang='lat' dir='ltr'><strong>unice</strong></span> <span class='ocrx_word' id='word_1_124' title='bbox 412 2218 532 2302; x_wconf 89' lang='lat' dir='ltr'><strong>passim</strong></span> <span class='ocrx_word' id='word_1_125' title='bbox 555 2215 736 2290; x_wconf 82' lang='lat' dir='ltr'><strong>adhibitam</strong></span> <span class='ocrx_word' id='word_1_126' title='bbox 760 2217 929 2304; x_wconf 78' lang='grc' dir='ltr'>(Κεραύνια</span> <span class='ocrx_word' id='word_1_127' title='bbox 952 2216 1016 2305; x_wconf 80' lang='grc' dir='ltr'><strong>ὅρη,</strong></span> <span class='ocrx_word' id='word_1_128' title='bbox 1041 2216 1196 2282; x_wconf 80' lang='lat' dir='ltr'><strong>Ceraunii</strong></span> <span class='ocrx_word' id='word_1_129' title='bbox 1220 2213 1368 2300; x_wconf 85' lang='lat' dir='ltr'><strong>montes).</strong></span> 
     </span>
    </p>
   </div>
   <div class='ocr_carea' id='block_1_5' title="bbox 289 2345 1507 2644">
    <p class='ocr_par' dir='ltr' id='par_1_6' title="bbox 289 2345 1507 2644">
     <span class='ocr_line' id='line_1_18' title="bbox 290 2345 1507 2438; baseline -0.004 -22"><span class='ocrx_word' id='word_1_130' title='bbox 290 2345 484 2416; x_wconf 73' lang='lat' dir='ltr'><strong>Phaeacas</strong></span> <span class='ocrx_word' id='word_1_131' title='bbox 505 2347 562 2430; x_wconf 93' lang='lat' dir='ltr'><strong>IV,</strong></span> <span class='ocrx_word' id='word_1_132' title='bbox 588 2348 614 2431; x_wconf 89' lang='lat'><strong>1,</strong></span> <span class='ocrx_word' id='word_1_133' title='bbox 638 2346 679 2412; x_wconf 82' lang='lat'><strong>51</strong></span> <span class='ocrx_word' id='word_1_134' title='bbox 705 2347 878 2436; x_wconf 70' lang='lat' dir='ltr'><strong>,Phaeacas</strong></span> <span class='ocrx_word' id='word_1_135' title='bbox 903 2388 943 2397; x_wconf 93' lang='lat'><em>-</em></span> <span class='ocrx_word' id='word_1_136' title='bbox 967 2349 1074 2417; x_wconf 88' lang='lat' dir='ltr'><strong>silvas&#39;</strong></span> <span class='ocrx_word' id='word_1_137' title='bbox 1102 2373 1160 2438; x_wconf 91' lang='lat' dir='ltr'><strong>pro</strong></span> <span class='ocrx_word' id='word_1_138' title='bbox 1185 2347 1392 2438; x_wconf 69' lang='lat' dir='ltr'><strong>,Phaeacius’,</strong></span> <span class='ocrx_word' id='word_1_139' title='bbox 1416 2346 1507 2436; x_wconf 86' lang='lat' dir='ltr'><strong>&#39;quod</strong></span> 
     </span>
     <span class='ocr_line' id='line_1_19' title="bbox 290 2454 1506 2548; baseline 0.001 -30"><span class='ocrx_word' id='word_1_140' title='bbox 290 2454 391 2520; x_wconf 90' lang='lat' dir='ltr'><strong>habet</strong></span> <span class='ocrx_word' id='word_1_141' title='bbox 415 2478 489 2520; x_wconf 92' lang='lat' dir='ltr'><strong>cum</strong></span> <span class='ocrx_word' id='word_1_142' title='bbox 513 2454 645 2520; x_wconf 87' lang='lat' dir='ltr'><strong>Tibullo</strong></span> <span class='ocrx_word' id='word_1_143' title='bbox 669 2455 712 2541; x_wconf 93' lang='grc' dir='ltr'><strong>(Ι,</strong></span> <span class='ocrx_word' id='word_1_144' title='bbox 735 2457 768 2541; x_wconf 88' lang='grc'><strong>3,</strong></span> <span class='ocrx_word' id='word_1_145' title='bbox 792 2457 828 2541; x_wconf 85' lang='grc'><strong>3)</strong></span> <span class='ocrx_word' id='word_1_146' title='bbox 852 2457 991 2524; x_wconf 88' lang='lat' dir='ltr'><strong>Ovidius</strong></span> <span class='ocrx_word' id='word_1_147' title='bbox 1013 2459 1089 2543; x_wconf 84' lang='lat' dir='ltr'><strong>(am.</strong></span> <span class='ocrx_word' id='word_1_148' title='bbox 1111 2458 1174 2541; x_wconf 84' lang='lat'>111,</span> <span class='ocrx_word' id='word_1_149' title='bbox 1199 2458 1227 2541; x_wconf 85' lang='lat'><strong>9,</strong></span> <span class='ocrx_word' id='word_1_150' title='bbox 1249 2456 1308 2521; x_wconf 62' lang='lat'><strong>42:</strong></span> <span class='ocrx_word' id='word_1_151' title='bbox 1334 2455 1506 2548; x_wconf 80' lang='lat' dir='ltr'><strong>,Phaeacia</strong></span> 
     </span>
     <span class='ocr_line' id='line_1_20' title="bbox 289 2560 418 2644; baseline 0.008 -18"><span class='ocrx_word' id='word_1_152' title='bbox 289 2560 418 2644; x_wconf 88' lang='lat' dir='ltr'><strong>tellus&#39;).</strong></span> 
     </span>
    </p>
   </div>
   <div class='ocr_carea' id='block_1_6' title="bbox 286 2693 1461 2928">
    <p class='ocr_par' dir='ltr' id='par_1_7' title="bbox 286 2693 1461 2928">
     <span class='ocr_line' id='line_1_21' title="bbox 393 2693 628 2781; baseline 0 -22"><span class='ocrx_word' id='word_1_153' title='bbox 393 2693 483 2761; x_wconf 86' lang='lat' dir='ltr'><strong>Addi</strong></span> <span class='ocrx_word' id='word_1_154' title='bbox 506 2705 628 2781; x_wconf 89' lang='lat' dir='ltr'><strong>potest:</strong></span> 
     </span>
     <span class='ocr_line' id='line_1_22' title="bbox 286 2823 1461 2928; baseline -0.005 -32"><span class='ocrx_word' id='word_1_155' title='bbox 286 2823 426 2896; x_wconf 69' lang='lat' dir='ltr'><strong>Neleus</strong></span> <span class='ocrx_word' id='word_1_156' title='bbox 449 2827 512 2911; x_wconf 85' lang='lat'><strong>111,</strong></span> <span class='ocrx_word' id='word_1_157' title='bbox 535 2829 589 2913; x_wconf 86' lang='lat'><strong>30,</strong></span> <span class='ocrx_word' id='word_1_158' title='bbox 609 2829 671 2894; x_wconf 92' lang='lat'><strong>40:</strong></span> <span class='ocrx_word' id='word_1_159' title='bbox 695 2827 876 2918; x_wconf 70' lang='lat' dir='ltr'><strong>,Supposita</strong></span> <span class='ocrx_word' id='word_1_160' title='bbox 899 2831 1069 2928; x_wconf 87' lang='lat' dir='ltr'><strong>excipiens</strong></span> <span class='ocrx_word' id='word_1_161' title='bbox 1091 2829 1214 2894; x_wconf 85' lang='lat' dir='ltr'><strong>Naica</strong></span> <span class='ocrx_word' id='word_1_162' title='bbox 1237 2827 1323 2892; x_wconf 92' lang='lat' dir='ltr'><strong>dona</strong></span> <span class='ocrx_word' id='word_1_163' title='bbox 1344 2825 1461 2892; x_wconf 88' lang='lat' dir='ltr'><strong>manu&#39;.</strong></span> 
     </span>
    </p>
   </div>
   <div class='ocr_carea' id='block_1_7' title="bbox 284 2958 1505 3906">
    <p class='ocr_par' dir='ltr' id='par_1_8' title="bbox 285 2958 1505 3579">
     <span class='ocr_line' id='line_1_23' title="bbox 287 2958 1505 3049; baseline 0 -25"><span class='ocrx_word' id='word_1_164' title='bbox 287 2958 436 3046; x_wconf 85' lang='lat' dir='ltr'><strong>Scaliger</strong></span> <span class='ocrx_word' id='word_1_165' title='bbox 466 2959 697 3047; x_wconf 88' lang='lat' dir='ltr'><strong>corrigendum</strong></span> <span class='ocrx_word' id='word_1_166' title='bbox 727 2984 797 3026; x_wconf 86' lang='lat' dir='ltr'><strong>csse</strong></span> <span class='ocrx_word' id='word_1_167' title='bbox 827 2964 954 3048; x_wconf 86' lang='lat' dir='ltr'><strong>putavit</strong></span> <span class='ocrx_word' id='word_1_168' title='bbox 983 2959 1055 3049; x_wconf 68' lang='lat' dir='ltr'><strong>,Nai</strong></span> <span class='ocrx_word' id='word_1_169' title='bbox 1084 2960 1224 3044; x_wconf 89' lang='lat' dir='ltr'><strong>caduca’,</strong></span> <span class='ocrx_word' id='word_1_170' title='bbox 1251 2959 1406 3046; x_wconf 88' lang='lat' dir='ltr'><strong>Ungerus</strong></span> <span class='ocrx_word' id='word_1_171' title='bbox 1434 2960 1505 3045; x_wconf 70' lang='lat' dir='ltr'><strong>,Na-</strong></span> 
     </span>
     <span class='ocr_line' id='line_1_24' title="bbox 287 3064 1504 3157; baseline -0.002 -26"><span class='ocrx_word' id='word_1_172' title='bbox 287 3065 380 3131; x_wconf 89' lang='lat' dir='ltr'><strong>nica&#39;.</strong></span> <span class='ocrx_word' id='word_1_173' title='bbox 417 3064 462 3132; x_wconf 86' lang='lat' dir='ltr'><strong>At</strong></span> <span class='ocrx_word' id='word_1_174' title='bbox 489 3089 556 3153; x_wconf 71' lang='lat' dir='ltr'><strong>,cur</strong></span> <span class='ocrx_word' id='word_1_175' title='bbox 583 3067 667 3132; x_wconf 93' lang='lat' dir='ltr'><strong>illud</strong></span> <span class='ocrx_word' id='word_1_176' title='bbox 695 3067 907 3152; x_wconf 87' lang='lat' dir='ltr'><strong>adiectivum,</strong></span> <span class='ocrx_word' id='word_1_177' title='bbox 936 3069 1022 3157; x_wconf 91' lang='lat' dir='ltr'><strong>quod</strong></span> <span class='ocrx_word' id='word_1_178' title='bbox 1044 3071 1179 3134; x_wconf 75' lang='lat' dir='ltr'><strong>si&#39;unus</strong></span> <span class='ocrx_word' id='word_1_179' title='bbox 1202 3077 1321 3150; x_wconf 90' lang='lat' dir='ltr'><strong>tuetur,</strong></span> <span class='ocrx_word' id='word_1_180' title='bbox 1352 3065 1504 3150; x_wconf 90' lang='lat' dir='ltr'><strong>analogia</strong></span> 
     </span>
     <span class='ocr_line' id='line_1_25' title="bbox 287 3173 1505 3261; baseline -0.004 -22"><span class='ocrx_word' id='word_1_181' title='bbox 287 3184 376 3239; x_wconf 89' lang='lat' dir='ltr'><strong>certe</strong></span> <span class='ocrx_word' id='word_1_182' title='bbox 401 3196 466 3240; x_wconf 89' lang='lat' dir='ltr'><strong>non</strong></span> <span class='ocrx_word' id='word_1_183' title='bbox 491 3183 690 3261; x_wconf 83' lang='lat' dir='ltr'><strong>aspernatur,</strong></span> <span class='ocrx_word' id='word_1_184' title='bbox 715 3174 922 3240; x_wconf 80' lang='lat' dir='ltr'><strong>reiciamus?&#39;</strong></span> <span class='ocrx_word' id='word_1_185' title='bbox 947 3186 1036 3242; x_wconf 89' lang='lat' dir='ltr'><strong>recte</strong></span> <span class='ocrx_word' id='word_1_186' title='bbox 1061 3178 1242 3260; x_wconf 87' lang='lat' dir='ltr'><strong>interrogat</strong></span> <span class='ocrx_word' id='word_1_187' title='bbox 1265 3173 1505 3238; x_wconf 86' lang='lat' dir='ltr'><strong>Lachmannus.</strong></span> 
     </span>
     <span class='ocr_line' id='line_1_26' title="bbox 287 3276 1504 3370; baseline -0.002 -25"><span class='ocrx_word' id='word_1_188' title='bbox 287 3281 346 3346; x_wconf 85' lang='lat' dir='ltr'><strong>Est</strong></span> <span class='ocrx_word' id='word_1_189' title='bbox 366 3292 475 3348; x_wconf 89' lang='lat' dir='ltr'><strong>autem</strong></span> <span class='ocrx_word' id='word_1_190' title='bbox 496 3281 695 3347; x_wconf 86' lang='lat' dir='ltr'><strong>adiectivum</strong></span> <span class='ocrx_word' id='word_1_191' title='bbox 718 3281 910 3368; x_wconf 90' lang='lat' dir='ltr'><strong>adpellativi</strong></span> <span class='ocrx_word' id='word_1_192' title='bbox 934 3285 1075 3348; x_wconf 89' lang='lat' dir='ltr'><strong>nominis</strong></span> <span class='ocrx_word' id='word_1_193' title='bbox 1097 3279 1213 3370; x_wconf 71' lang='lat' dir='ltr'><strong>,Naias&#39;</strong></span> <span class='ocrx_word' id='word_1_194' title='bbox 1232 3276 1420 3366; x_wconf 71' lang='lat' dir='ltr'><strong>sive-,Nals&#39;</strong></span> <span class='ocrx_word' id='word_1_195' title='bbox 1444 3282 1504 3364; x_wconf 88' lang='lat' dir='ltr'><strong>(gr.</strong></span> 
     </span>
     <span class='ocr_line' id='line_1_27' title="bbox 286 3383 1505 3475; baseline -0.004 -21"><span class='ocrx_word' id='word_1_196' title='bbox 286 3388 394 3468; x_wconf 83' lang='grc' dir='ltr'>Ναϊάς</span> <span class='ocrx_word' id='word_1_197' title='bbox 422 3392 492 3454; x_wconf 88' lang='lat' dir='ltr'><strong>sive</strong></span> <span class='ocrx_word' id='word_1_198' title='bbox 522 3384 631 3471; x_wconf 78' lang='grc' dir='ltr'><strong>Ναΐς),</strong></span> <span class='ocrx_word' id='word_1_199' title='bbox 662 3389 755 3454; x_wconf 91' lang='lat' dir='ltr'><strong>cuius</strong></span> <span class='ocrx_word' id='word_1_200' title='bbox 784 3411 904 3475; x_wconf 87' lang='lat' dir='ltr'><strong>graeca</strong></span> <span class='ocrx_word' id='word_1_201' title='bbox 933 3389 1037 3454; x_wconf 81' lang='lat' dir='ltr'><strong>forma</strong></span> <span class='ocrx_word' id='word_1_202' title='bbox 1064 3387 1211 3466; x_wconf 83' lang='grc' dir='ltr'>Ναϊακὸς</span> <span class='ocrx_word' id='word_1_203' title='bbox 1241 3388 1409 3452; x_wconf 91' lang='lat' dir='ltr'><strong>invenitur</strong></span> <span class='ocrx_word' id='word_1_204' title='bbox 1437 3383 1505 3450; x_wconf 84' lang='lat' dir='ltr'><strong>An-</strong></span> 
     </span>
     <span class='ocr_line' id='line_1_28' title="bbox 285 3495 565 3579; baseline 0 -19"><span class='ocrx_word' id='word_1_205' title='bbox 285 3495 363 3560; x_wconf 88' lang='lat' dir='ltr'><strong>thol.</strong></span> <span class='ocrx_word' id='word_1_206' title='bbox 385 3495 431 3579; x_wconf 91' lang='lat' dir='ltr'><strong>X,</strong></span> <span class='ocrx_word' id='word_1_207' title='bbox 456 3495 511 3579; x_wconf 79' lang='lat'><strong>21,</strong></span> <span class='ocrx_word' id='word_1_208' title='bbox 536 3497 565 3568; x_wconf 87' lang='grc'><strong>8.</strong></span> 
     </span>
    </p>

    <p class='ocr_par' dir='ltr' id='par_1_9' title="bbox 284 3601 1502 3906">
     <span class='ocr_line' id='line_1_29' title="bbox 392 3601 1502 3691; baseline -0.002 -23"><span class='ocrx_word' id='word_1_209' title='bbox 392 3601 578 3691; x_wconf 85' lang='lat' dir='ltr'><strong>Sequuntur</strong></span> <span class='ocrx_word' id='word_1_210' title='bbox 607 3626 695 3669; x_wconf 89' lang='lat' dir='ltr'><strong>nunc</strong></span> <span class='ocrx_word' id='word_1_211' title='bbox 718 3604 883 3670; x_wconf 86' lang='lat' dir='ltr'><strong>adiectiva</strong></span> <span class='ocrx_word' id='word_1_212' title='bbox 906 3604 1020 3670; x_wconf 89' lang='lat' dir='ltr'><strong>eodem</strong></span> <span class='ocrx_word' id='word_1_213' title='bbox 1044 3603 1138 3669; x_wconf 93' lang='lat' dir='ltr'><strong>modo</strong></span> <span class='ocrx_word' id='word_1_214' title='bbox 1164 3603 1259 3668; x_wconf 90' lang='lat' dir='ltr'><strong>brevi</strong></span> <span class='ocrx_word' id='word_1_215' title='bbox 1287 3602 1329 3668; x_wconf 93' lang='lat' dir='ltr'><strong>de</strong></span> <span class='ocrx_word' id='word_1_216' title='bbox 1357 3601 1502 3667; x_wconf 89' lang='lat' dir='ltr'><strong>substan-</strong></span> 
     </span>
     <span class='ocr_line' id='line_1_30' title="bbox 284 3708 1502 3798; baseline -0.002 -24"><span class='ocrx_word' id='word_1_217' title='bbox 284 3711 362 3774; x_wconf 86' lang='lat' dir='ltr'><strong>tivis</strong></span> <span class='ocrx_word' id='word_1_218' title='bbox 391 3708 529 3775; x_wconf 88' lang='lat' dir='ltr'><strong>formata</strong></span> <span class='ocrx_word' id='word_1_219' title='bbox 561 3720 605 3794; x_wconf 92' lang='lat' dir='ltr'><strong>et,</strong></span> <span class='ocrx_word' id='word_1_220' title='bbox 635 3713 790 3798; x_wconf 90' lang='lat' dir='ltr'><strong>quoniam</strong></span> <span class='ocrx_word' id='word_1_221' title='bbox 820 3713 855 3776; x_wconf 91' lang='lat' dir='ltr'><strong>in</strong></span> <span class='ocrx_word' id='word_1_222' title='bbox 888 3709 1025 3776; x_wconf 81' lang='lat' dir='ltr'><strong>Graecis</strong></span> <span class='ocrx_word' id='word_1_223' title='bbox 1054 3709 1108 3774; x_wconf 92' lang='lat' dir='ltr'><strong>vel</strong></span> <span class='ocrx_word' id='word_1_224' title='bbox 1140 3712 1175 3776; x_wconf 96' lang='lat' dir='ltr'><strong>in</strong></span> <span class='ocrx_word' id='word_1_225' title='bbox 1208 3708 1502 3774; x_wconf 78' lang='lat' dir='ltr'><strong>GraecoRomanis</strong></span> 
     </span>
     <span class='ocr_line' id='line_1_31' title="bbox 284 3818 1020 3906; baseline -0.003 -24"><span class='ocrx_word' id='word_1_226' title='bbox 284 3839 460 3900; x_wconf 88' lang='lat' dir='ltr'><strong>versamur,</strong></span> <span class='ocrx_word' id='word_1_227' title='bbox 485 3819 519 3882; x_wconf 92' lang='lat' dir='ltr'><strong>in</strong></span> <span class='ocrx_word' id='word_1_228' title='bbox 544 3818 658 3884; x_wconf 88' lang='lat' dir='ltr'><strong>eodem</strong></span> <span class='ocrx_word' id='word_1_229' title='bbox 680 3841 804 3906; x_wconf 86' lang='lat' dir='ltr'><strong>genere</strong></span> <span class='ocrx_word' id='word_1_230' title='bbox 827 3840 1020 3906; x_wconf 88' lang='lat' dir='ltr'><strong>pergamus:</strong></span> 
     </span>
    </p>
   </div>
   <div class='ocr_carea' id='block_1_8' title="bbox 284 3954 1503 4666">
    <p class='ocr_par' dir='ltr' id='par_1_10' title="bbox 284 3954 1503 4666">
     <span class='ocr_line' id='line_1_32' title="bbox 285 3954 1500 4048; baseline -0.004 -22"><span class='ocrx_word' id='word_1_231' title='bbox 285 3954 469 4027; x_wconf 76' lang='lat' dir='ltr'><strong>carbasus</strong></span> <span class='ocrx_word' id='word_1_232' title='bbox 493 3959 578 4025; x_wconf 88' lang='lat' dir='ltr'><strong>dixit</strong></span> <span class='ocrx_word' id='word_1_233' title='bbox 601 3960 640 4044; x_wconf 94' lang='lat' dir='ltr'><strong>V,</strong></span> <span class='ocrx_word' id='word_1_234' title='bbox 664 3962 697 4044; x_wconf 89' lang='lat'><strong>3,</strong></span> <span class='ocrx_word' id='word_1_235' title='bbox 725 3960 780 4043; x_wconf 88' lang='lat'><strong>64,</strong></span> <span class='ocrx_word' id='word_1_236' title='bbox 809 3959 953 4048; x_wconf 68' lang='lat' dir='ltr'><strong>,carbasa</strong></span> <span class='ocrx_word' id='word_1_237' title='bbox 980 3957 1057 4023; x_wconf 90' lang='lat' dir='ltr'><strong>lina&#39;</strong></span> <span class='ocrx_word' id='word_1_238' title='bbox 1086 3959 1107 4020; x_wconf 90' lang='lat' dir='ltr'><strong>i.</strong></span> <span class='ocrx_word' id='word_1_239' title='bbox 1134 3980 1160 4023; x_wconf 89' lang='lat' dir='ltr'><strong>e.</strong></span> <span class='ocrx_word' id='word_1_240' title='bbox 1189 3980 1271 4045; x_wconf 90' lang='lat' dir='ltr'><strong>quae</strong></span> <span class='ocrx_word' id='word_1_241' title='bbox 1299 3981 1342 4022; x_wconf 87' lang='lat' dir='ltr'><strong>ex</strong></span> <span class='ocrx_word' id='word_1_242' title='bbox 1369 3957 1500 4022; x_wconf 89' lang='lat' dir='ltr'><strong>carbaso</strong></span> 
     </span>
     <span class='ocr_line' id='line_1_33' title="bbox 284 4063 1503 4154; baseline 0.001 -26"><span class='ocrx_word' id='word_1_243' title='bbox 284 4063 340 4154; x_wconf 88' lang='lat' dir='ltr'><strong>(cf.</strong></span> <span class='ocrx_word' id='word_1_244' title='bbox 370 4063 411 4147; x_wconf 90' lang='lat' dir='ltr'><strong>V,</strong></span> <span class='ocrx_word' id='word_1_245' title='bbox 444 4065 497 4148; x_wconf 92' lang='lat'><strong>11,</strong></span> <span class='ocrx_word' id='word_1_246' title='bbox 531 4063 575 4130; x_wconf 83' lang='lat'><strong>54</strong></span> <span class='ocrx_word' id='word_1_247' title='bbox 605 4103 648 4113; x_wconf 97' lang='lat'>-</span> <span class='ocrx_word' id='word_1_248' title='bbox 679 4063 701 4152; x_wconf 80' lang='grc' dir='ltr'>ἡ</span> <span class='ocrx_word' id='word_1_249' title='bbox 727 4064 918 4152; x_wconf 62' lang='lat' dir='ltr'><strong>adparere),</strong></span> <span class='ocrx_word' id='word_1_250' title='bbox 950 4065 1011 4130; x_wconf 92' lang='lat' dir='ltr'><strong>lini</strong></span> <span class='ocrx_word' id='word_1_251' title='bbox 1044 4065 1232 4130; x_wconf 89' lang='lat' dir='ltr'><strong>tenuissimo</strong></span> <span class='ocrx_word' id='word_1_252' title='bbox 1263 4088 1400 4150; x_wconf 88' lang='lat' dir='ltr'><strong>genere,</strong></span> <span class='ocrx_word' id='word_1_253' title='bbox 1427 4074 1503 4130; x_wconf 91' lang='lat' dir='ltr'><strong>sunt</strong></span> 
     </span>
     <span class='ocr_line' id='line_1_34' title="bbox 284 4165 1501 4255; baseline 0.001 -20"><span class='ocrx_word' id='word_1_254' title='bbox 284 4171 389 4253; x_wconf 72' lang='lat' dir='ltr'><strong>facta,</strong></span> <span class='ocrx_word' id='word_1_255' title='bbox 421 4173 513 4237; x_wconf 87' lang='lat' dir='ltr'><strong>cuius</strong></span> <span class='ocrx_word' id='word_1_256' title='bbox 543 4172 699 4238; x_wconf 89' lang='lat' dir='ltr'><strong>adiectivi</strong></span> <span class='ocrx_word' id='word_1_257' title='bbox 731 4183 764 4238; x_wconf 93' lang='lat' dir='ltr'><strong>et</strong></span> <span class='ocrx_word' id='word_1_258' title='bbox 794 4172 931 4239; x_wconf 81' lang='lat' dir='ltr'><strong>Graecis</strong></span> <span class='ocrx_word' id='word_1_259' title='bbox 960 4184 992 4238; x_wconf 91' lang='lat' dir='ltr'><strong>et</strong></span> <span class='ocrx_word' id='word_1_260' title='bbox 1019 4173 1147 4238; x_wconf 89' lang='lat' dir='ltr'><strong>Latinis</strong></span> <span class='ocrx_word' id='word_1_261' title='bbox 1175 4174 1298 4255; x_wconf 90' lang='lat' dir='ltr'><strong>usitati,</strong></span> <span class='ocrx_word' id='word_1_262' title='bbox 1322 4165 1343 4237; x_wconf 84' lang='lat' dir='ltr'><strong>a</strong></span> <span class='ocrx_word' id='word_1_263' title='bbox 1365 4171 1501 4238; x_wconf 81' lang='lat' dir='ltr'><strong>Graecis</strong></span> 
     </span>
     <span class='ocr_line' id='line_1_35' title="bbox 285 4276 1501 4368; baseline -0.002 -23"><span class='ocrx_word' id='word_1_264' title='bbox 285 4276 492 4365; x_wconf 74' lang='grc' dir='ltr'><strong>ικαρποίσινος’</strong></span> <span class='ocrx_word' id='word_1_265' title='bbox 525 4290 558 4345; x_wconf 91' lang='lat' dir='ltr'><strong>et</strong></span> <span class='ocrx_word' id='word_1_266' title='bbox 588 4279 787 4368; x_wconf 65' lang='lat' dir='ltr'><strong>,napudoro;&#39;,</strong></span> <span class='ocrx_word' id='word_1_267' title='bbox 816 4305 836 4345; x_wconf 92' lang='lat' dir='ltr'><strong>a</strong></span> <span class='ocrx_word' id='word_1_268' title='bbox 863 4282 1020 4346; x_wconf 89' lang='lat' dir='ltr'><strong>Romanis</strong></span> <span class='ocrx_word' id='word_1_269' title='bbox 1050 4279 1239 4368; x_wconf 68' lang='lat' dir='ltr'><strong>,carbaseus&#39;</strong></span> <span class='ocrx_word' id='word_1_270' title='bbox 1267 4278 1359 4363; x_wconf 81' lang='lat' dir='ltr'><strong>(Cic,</strong></span> <span class='ocrx_word' id='word_1_271' title='bbox 1392 4278 1501 4363; x_wconf 81' lang='lat' dir='ltr'><strong>Verg,</strong></span> 
     </span>
     <span class='ocr_line' id='line_1_36' title="bbox 285 4384 1500 4477; baseline 0 -28"><span class='ocrx_word' id='word_1_272' title='bbox 285 4384 372 4469; x_wconf 85' lang='lat' dir='ltr'><strong>Tib,</strong></span> <span class='ocrx_word' id='word_1_273' title='bbox 394 4385 497 4471; x_wconf 87' lang='lat' dir='ltr'><strong>Stat),</strong></span> <span class='ocrx_word' id='word_1_274' title='bbox 522 4387 728 4474; x_wconf 71' lang='lat' dir='ltr'><strong>,carbasinus&#39;</strong></span> <span class='ocrx_word' id='word_1_275' title='bbox 751 4388 861 4477; x_wconf 82' lang='lat' dir='ltr'><strong>(Plin,</strong></span> <span class='ocrx_word' id='word_1_276' title='bbox 885 4387 994 4475; x_wconf 87' lang='lat' dir='ltr'><strong>Apul,</strong></span> <span class='ocrx_word' id='word_1_277' title='bbox 1017 4389 1114 4453; x_wconf 90' lang='lat' dir='ltr'><strong>Mart.</strong></span> <span class='ocrx_word' id='word_1_278' title='bbox 1143 4384 1500 4476; x_wconf 66' lang='lat' dir='ltr'><strong>Cap.),·,carbasineus&#39;</strong></span> 
     </span>
     <span class='ocr_line' id='line_1_37' title="bbox 284 4491 1500 4588; baseline 0.002 -32"><span class='ocrx_word' id='word_1_279' title='bbox 284 4491 403 4575; x_wconf 89' lang='lat' dir='ltr'><strong>(Varro</strong></span> <span class='ocrx_word' id='word_1_280' title='bbox 428 4516 478 4580; x_wconf 90' lang='lat' dir='ltr'><strong>ap.</strong></span> <span class='ocrx_word' id='word_1_281' title='bbox 501 4496 596 4578; x_wconf 87' lang='lat' dir='ltr'><strong>Non.)</strong></span> <span class='ocrx_word' id='word_1_282' title='bbox 623 4495 796 4562; x_wconf 91' lang='lat' dir='ltr'><strong>traduntur</strong></span> <span class='ocrx_word' id='word_1_283' title='bbox 826 4496 963 4579; x_wconf 69' lang='lat' dir='ltr'><strong>formae,</strong></span> <span class='ocrx_word' id='word_1_284' title='bbox 986 4496 1235 4588; x_wconf 83' lang='lat' dir='ltr'><strong>brevemillam</strong></span> <span class='ocrx_word' id='word_1_285' title='bbox 1258 4494 1345 4561; x_wconf 91' lang='lat' dir='ltr'><strong>solus</strong></span> <span class='ocrx_word' id='word_1_286' title='bbox 1366 4494 1500 4579; x_wconf 89' lang='lat' dir='ltr'><strong>Proper·</strong></span> 
     </span>
     <span class='ocr_line' id='line_1_38' title="bbox 286 4598 519 4666; baseline 0 -2"><span class='ocrx_word' id='word_1_287' title='bbox 286 4600 351 4664; x_wconf 91' lang='lat' dir='ltr'><strong>tius</strong></span> <span class='ocrx_word' id='word_1_288' title='bbox 375 4598 519 4666; x_wconf 87' lang='lat' dir='ltr'><strong>exhibet.</strong></span> 
     </span>
    </p>
   </div>
   <div class='ocr_carea' id='block_1_9' title="bbox 0 0 1668 5390">
    <p class='ocr_par' dir='ltr' id='par_1_11' title="bbox 0 0 1668 5390">
     <span class='ocr_line' id='line_1_39' title="bbox 0 0 1668 5390; baseline 0 4"><span class='ocrx_word' id='word_1_289' title='bbox 0 0 1668 5390; x_wconf 95' lang='lat' dir='ltr'><strong> </strong></span> 
     </span>
    </p>
   </div>
  </div>
 </body>
</html>
