3326 5390
825 404 1038 468 ..70-

528 578 722 666 ‘Hypsipyle
745 577 851 644 nullos
872 588 944 663 post
967 576 1040 641 illos
1062 579 1165 642 sensit
1186 599 1324 660 amores,
1435 659 1438 665 Δ

579 685 625 751 Ut
647 683 748 751 semel
770 685 952 750 Haemonio
975 682 1081 748 tabuit
1103 680 1261 769 hospitio’.

323 828 416 893 Idem
438 836 549 915 postea
571 824 723 913 praebuit
738 823 891 905 Ovidius3
915 822 954 888 ef.
969 833 1045 888 met.
1060 823 1094 906 3,
1116 824 1185 888 444
1200 823 1297 905 (adde
1319 824 1473 911 48'1sq.),
1496 823 1538 888 al.

430 933 512 998 Oum
533 933 637 1020 pallor
660 942 769 997 autem
793 941 825 996 et
847 930 932 996 tabis
956 939 989 996 et
1011 931 1130 995 amoris
1153 931 1283 1015 signum
1306 932 1349 995 sit
1370 929 1425 1016 (of.
1443 930 1538 1016 Prop.

322 1042 352 1125 Ι,
376 1040 409 1124 5,
432 1041 493 1124 213
517 1040 577 1107 Ov.
600 1063 628 1104 a.
651 1062 680 1104 a.
707 1039 739 1121 1,
763 1037 849 1121 729),
874 1038 973 1103 etiam

322 1177 527 1264 pallescere
557 1188 590 1244 et
620 1174 762 1262 pellere
795 1179 923 1264 saepius
953 1200 972 1242 a
998 1177 1167 1263 Propertio
1199 1177 1240 1243 de
1271 1177 1455 1243 amantibus
1483 1178 1539 1242 ad-

322 1286 495 1370 hibentur3
518 1296 628 1351 tamen
651 1307 710 1372 per
732 1307 767 1349 ee
791 1283 879 1349 idem
900 1283 1086 1369 significare
1111 1283 1198 1369 apud
1212 1283 1416 1371 Propertium
1439 1294 1538 1372 atque

322 1416 431 1460 amare
453 1393 507 1459 vel
530 1390 718 1456 vehementi
742 1412 851 1455 amore
867 1389 964 1474 affioi,
987 1389 1073 1476 quod
1096 1389 1137 1454 ad
1159 1390 1185 1473 Ι,
1203 1391 1252 1474 13,
1277 1391 1295 1456 7
1319 1391 1428 1456 lexioa
1444 1413 1538 1478 prae-

320 1500 443 1582 dicant,
466 1499 630 1565 adfirmari
654 1520 720 1563 non
742 1505 855 1585 potest.
878 1497 962 1564 Nam
985 1499 1133 1584 quamvis
1156 1497 1403 1563 eoncedendum
1418 1499 1468 1582 sit,
1493 1497 1538 1562 ad

320 1631 393 1673 eam
416 1609 581 1674 notionem
603 1626 704 1692 prope
727 1603 884 1670 accedere
909 1613 941 1668 et
1433 1615 1439 1624 '

381 1750 411 1832 Ι,
437 1751 468 1832 1,
492 1748 534 1813 22
557 1747 610 1832 ‘Et
632 1745 731 1812 faoite
755 1745 813 1810 illa
835 1768 907 1810 meo
929 1744 1078 1832 palleat
1100 1767 1155 1812 ore
1177 1743 1299 1832 magis',

381 1855 409 1937 Ι,
433 1855 467 1938 9,
493 1853 532 1918 17
557 1851 715 1939 ‘Necdum
739 1853 837 1916 etiam
860 1850 998 1937 pallea,
1021 1872 1099 1916 vero
1122 1873 1185 1916 neo
1212 1853 1359 1937 tangeris
1382 1851 1462 1937 igni’

321 1971 353 2028 et
381 1960 411 2044 Ι,
436 1961 489 2043 13,
514 1960 532 2025 7
557 1957 716 2045 ,Ρθτᾱὶῒθε
740 1959 775 2022 in
798 1956 937 2045 quadam
959 1957 1061 2022 tardis
1083 1957 1303 2043 pallescere
1326 1957 1430 2042 ouris’,

319 2113 429 2169 tamen
458 2101 592 2188 neglegi
619 2123 685 2167 non
711 2099 822 2184 debet,
850 2099 912 2165 hoe
940 2099 1055 2164 ultimo
1082 2099 1152 2164 looo
1176 2098 1371 2186 ¹pallescere’
1394 2101 1535 2168 verbum

320 2231 394 2274 eum
418 2208 528 2295 ‘tardis
552 2206 646 2273 ouris’
671 2207 936 2292 coniungendum
960 2228 1042 2289 esse,
1070 2229 1150 2291 non,
1177 2217 1214 2272 ut
1241 2207 1428 2292 voluerunt,
1456 2231 1532 2274 oum

282 2330 283 2335 ’
320 2317 364 2402 ‘in
393 2311 549 2402 quadam,
580 2336 717 2401 quooum
750 2311 912 2400 ‘perditus’
942 2323 1011 2378 arte
1041 2312 1229 2396 cohaerere,
1262 2315 1327 2380 iam
1354 2315 1432 2380 ordo
1459 2339 1534 2381 ver-

318 2421 432 2487 borum
455 2421 661 2486 demonstrat
685 2419 750 2485 Sed
772 2443 850 2485 vere
874 2421 959 2484 ineat
982 2442 1021 2484 ea
1043 2421 1131 2485 notio
1154 2421 1207 2484 in:

445 2562 502 2646 IV,
526 2561 553 2645 7,
578 2561 619 2628 28
643 2561 787 2649 ‘Semper
810 2563 845 2626 in
868 2564 951 2626 irata
972 2561 1145 2648 pallidus
1170 2583 1252 2627 ease
1274 2561 1394 2647 velim',

317 2705 374 2772 ubi
397 2704 559 2771 fervidam
581 2715 677 2792 poeta
699 2704 762 2771 eibi
785 2714 874 2792 optat
896 2703 1048 2790 puellam.
1085 2703 1236 2770 Imitatur
1263 2714 1371 2772 autem
1395 2706 1532 2796 Proper-

316 2814 399 2878 tium
423 2809 790 2897 Ov.am.111‚6,25:

528 2952 677 3040 ‘Inaohur
700 2955 735 3018 in
758 2953 858 3018 Melie
880 2950 1062 3038 Bithynide
1084 2950 1226 3037 pallidus
1250 2953 1312 3016 isse

466 3115 468 3119 Α
580 3057 737 3140 Dioitur'3

318 3199 358 3263 of.
381 3218 507 3284 qnoque
531 3221 558 3263 a.
582 3221 609 3262 a
634 3197 695 3262 731
720 3220 766 3284 sq.

275 3383 278 3398 .
423 3302 488 3369 Sed
510 3303 611 3368 alium
633 3302 728 3368 verbi
752 3301 892 3390 ‘pallere’
920 3325 1013 3368 usum
1040 3303 1241 3389 singularem
1265 3304 1355 3372 hisee
1381 3307 1530 3374 inserere

319 3409 436 3493 liceat3
459 3409 600 3496 legimus
624 3412 729 3475 enim:

421 3553 447 3636 Ι,
471 3551 520 3635 15,
544 3553 585 3618 39
610 3552 700 3638 ‘Quia
722 3561 754 3618 te
778 3551 915 3638 cogebat
936 3550 1074 3616 multoe
1096 3549 1247 3637 pallere
1271 3551 1420 3620 colores

656 3659 699 3724 Et
721 3657 834 3724 fletum
857 3659 971 3723 invitis
993 3656 1113 3722 ducere
1136 3655 1316 3724 luminibus
1325 3658 1350 3723 ‘i’

237 3783 240 3790 ¹
318 3801 415 3883 Quod
447 3802 529 3866 mire
562 3801 686 3866 dietum
718 3823 801 3884 esse,
839 3798 1053 3864 Marklandus
1090 3799 1302 3865 adnotaverat
1334 3811 1366 3867 et
1399 3803 1532 3870 addidit

318 3907 451 3973 Hertzb.
474 3909 526 3996 ‘Et
547 3930 663 3973 revera
678 3907 872 3974 admirabile
894 3907 1083 3973 dictumest
1107 3916 1139 3972 et
1160 3928 1239 3973 vere
1261 3913 1431 3996 γραφικῶς,
1453 3934 1530 3996 neo,

319 4014 427 4098 eredo,
450 4016 557 4080 minus
573 4037 610 4080 eo
626 4014 806 4101 pulchrum,
829 4013 915 4101 quod
930 4034 1050 4078 novum
1067 4022 1115 4079 eet
1138 4023 1170 4079 et
1189 4015 1260 4080 sine
1281 4015 1438 4103 exemplo'
1455 4041 1531 4106 equ„

319 4129 474 4208 conparat
496 4129 622 4186 autem:

474 4261 504 4343 Ι,
527 4261 562 4344 6,
583 4262 604 4327 6
628 4263 823 4350 ,Μαϊθῒοᾳιιθ
846 4285 963 4365 graves
986 4285 1083 4351 saepe
1107 4263 1213 4329 eolore
1235 4261 1368 4350 preces'‚

318 4405 364 4476 ita
386 4413 422 4467 ut
444 4425 557 4468 sensus
579 4405 621 4468 sit
645 4402 761 4488 ‘vultus
784 4403 924 4468 colorem
946 4406 1037 4468 varie
1062 4404 1206 4469 mutare'.
1242 4401 1365 4490 Aptum
1393 4404 1527 4491 quidem

318 4516 367 4573 est
398 4531 437 4572 ea
467 4507 499 4573 h.
529 4507 550 4572 l.
581 4510 822 4594 interpretati03
852 4511 980 4574 variare
1011 4511 1099 4575 enim
1130 4510 1212 4575 solet
1240 4510 1380 4576 oolorem
1406 4510 1527 4598 vultus,

317 4612 374 4678 ubi
404 4615 548 4680 animum
580 4615 705 4703 aliquid
736 4616 849 4682 fortius
881 4624 1073 4702 commovet,
1100 4615 1158 4684 sed
1184 4615 1398 4684 audacissime
1420 4617 1526 4706 pallor
