3326 5390
649 404 866 468 ...47-

147 587 257 654 Unam
280 608 358 652 vero
381 608 499 653 novam
522 609 561 652 ac
588 584 789 672 singularem
817 582 964 648 eiusdem
989 586 1079 649 vocis
1106 585 1241 670 protulit
1268 589 1367 654 notio

148 716 244 777 nem,
268 692 355 759 dixit
377 695 467 759 enirn
489 693 520 776 I,
543 694 578 776 3,
601 693 662 758 46:

413 819 483 906 ,Ille
507 819 570 884 fuit
593 818 738 883 lacrimis
760 818 877 883 ultima
900 837 993 880 cura
1015 816 1115 882 meis’.

148 952 256 1035 Quem
293 975 425 1019 versum
462 953 607 1017 virorum
645 951 812 1016 doctorum
851 949 946 1015 alteri
982 985 1025 996 -
1059 949 1367 1039 Hemsterhuysium

147 1071 226 1148 puto
250 1071 283 1126 et
306 1083 380 1126 cum
411 1082 448 1127 eo
471 1060 697 1125 Burmannum
719 1097 763 1108 -
790 1062 837 1124 ita
859 1057 1175 1144 interpretabantur,
1197 1070 1233 1125 ut
1256 1082 1367 1126 curam

147 1189 206 1253 pro
236 1166 403 1232 medicina
433 1168 571 1253 positam
602 1189 671 1231 esse
705 1166 929 1254 explicarent3
961 1166 1057 1230 alteri
1089 1165 1132 1230 ad
1165 1167 1368 1231 coniecturas

149 1271 393 1359 confugiebant,
417 1282 454 1338 ut
476 1272 583 1358 ,creta’
607 1272 769 1359 Scaliger,
790 1272 892 1360 ,meta’
912 1273 1070 1338 Heinsius
1089 1294 1148 1359 pro
1168 1270 1262 1358 ‘cura’
1278 1294 1369 1359 repo-

150 1377 296 1446 suerunt.
326 1378 477 1466 Argutiis
500 1382 619 1444 iterum
650 1378 713 1444 sibi
742 1382 832 1446 visus
857 1391 905 1445 est
928 1379 1088 1444 auxilium
1116 1379 1202 1444 ferre
1225 1378 1369 1463 Hertzb,

150 1489 207 1573 qui
232 1485 385 1572 ,lacrimis
407 1484 497 1552 meis'
520 1508 579 1573 pro
602 1486 692 1572 ,mihi
716 1485 910 1552 lacrimanti’
933 1488 1075 1574 positum
1098 1509 1167 1552 esse
1191 1487 1367 1569 contendit,

151 1593 281 1681 ¹curam'
323 1602 433 1658 autern
470 1592 726 1658 sollicitudinem
768 1591 932 1681 Cynthiae
974 1593 1175 1678 significare,
1216 1593 1368 1680 explicat,

151 1723 235 1788 quae
259 1710 292 1766 et
314 1710 381 1766 tota
404 1700 514 1786 elegia
535 1709 663 1786 pateret
686 1709 719 1765 et
740 1722 839 1764 versu
861 1700 923 1764 44:

388 1825 542 1912 ,Externo
566 1822 680 1909 longas
702 1845 799 1909 saepe
823 1825 858 1887 in
882 1844 990 1887 amore
1013 1821 1136 1888 moras'.

258 1959 361 2025 Recte
381 1958 514 2045 quidem
532 1956 666 2022 Hertzb.
689 1958 850 2040 admonet,
874 1957 1033 2043 exemplis
1057 1956 1170 2041 abeis,
1194 1957 1249 2043 qui
1275 1954 1369 2042 ,cura’

152 2087 211 2153 pro
228 2063 410 2152 ‘medicina'
426 2066 563 2152 positam
580 2087 649 2129 esse
665 2062 892 2145 defenderent,
908 2063 1025 2129 adlatis
1041 2063 1125 2128 nihil
1143 2063 1270 2150 profici,
1294 2065 1371 2150 quia

152 2195 218 2238 non
241 2172 380 2239 remedii
404 2172 463 2238 sed
478 2172 655 2236 curationis
670 2170 867 2255 significatio
891 2173 926 2235 in
951 2171 998 2237 eis
1014 2173 1143 2255 inesset,
1168 2180 1199 2236 et
1219 2172 1370 2258 inprimis

151 2281 314 2368 Propertii
331 2281 433 2366 ipsius
448 2279 536 2360 locis,
553 2276 670 2365 quibus
680 2277 864 2342 Burmanus
878 2277 995 2342 nititur
1009 2277 1045 2361 (I,
1061 2278 1110 2361 10,
1126 2279 1180 2360 173
1196 2277 1255 2360 IH,
1270 2278 1321 2360 20,
1336 2278 1369 2357 1)

154 2387 352 2451 contrarium
375 2387 488 2471 ¹ipsum
520 2384 720 2464 medicinae,
750 2405 907 2468 angorem
934 2384 1099 2470 nimirum
1121 2394 1153 2449 et
1180 2384 1369 2468 molestiam,

152 2492 331 2574 vindicari,
361 2514 425 2578 qua
455 2494 490 2556 in
517 2514 553 2556 re
584 2492 683 2556 etiarn
713 2489 963 2555 Lachmannum
994 2499 1104 2554 textus
1135 2490 1285 2556 condicio
1317 2489 1370 2554 ob-

153 2600 278 2664 scurior
309 2599 345 2662 in
376 2598 439 2680 ΠΙ,
469 2598 526 2681 20,
556 2600 570 2661 l
603 2618 647 2682 sq.
673 2595 805 2678 fefellit,
836 2595 878 2661 de
908 2618 972 2683 qua
1001 2596 1216 2684 percipienda
1248 2599 1369 2684 optime

153 2707 290 2771 meritus
312 2714 361 2770 est
382 2704 538 2788 Jacobus,
561 2706 616 2791 qui
640 2703 732 2769 nulla
754 2702 929 2768 verborum
952 2705 1130 2770 mutatione
1154 2706 1300 2791 scripsit:

312 2829 430 2916 ,Unica
451 2838 529 2894 nata
551 2850 623 2893 meo
645 2826 868 2914 pulcherrima
891 2849 970 2892 cura
992 2827 1108 2909 dolori,
1205 2895 1209 2900 ,

257 3003 259 3010 Α
365 2935 525 3000 Excludit
547 2937 699 3022 quoniam
723 2956 790 2999 sors
813 2956 887 2998 mea
910 2955 1033 3020 ,saepe
1056 2933 1176 3016 veni’3

155 3067 250 3158 ,cura'
275 3070 365 3134 enim
386 3068 417 3134 h.
440 3066 461 3133 l.
486 3069 527 3134 de
556 3067 667 3156 puella
698 3089 756 3155 pro
787 3089 884 3132 caiisa
914 3088 1011 3131 curae
1043 3067 1168 3133 dictum
1200 3092 1281 3154 esse,
1314 3091 1371 3135 suo

155 3176 225 3242 loco
256 3174 450 3240 videbimus.
495 3173 561 3240 Sed
596 3197 791 3262 quamquam
827 3197 934 3262 neque
966 3173 1054 3261 apud
1089 3184 1218 3261 poetam
1249 3177 1372 3262 ispsum

154 3304 262 3369 neque
295 3279 383 3367 apud
415 3279 494 3345 alios
527 3291 616 3346 extat
648 3280 835 3368 exemplum
867 3304 964 3346 curae
996 3282 1085 3346 vocis
1116 3303 1175 3369 pro
1207 3282 1373 3348 medicina

154 3389 210 3454 vel
239 3387 478 3453 medicamento
510 3390 633 3475 positae
666 3426 704 3436 -
736 3389 816 3475 quid
845 3389 906 3453 hoc
938 3412 996 3454 nos
1028 3389 1169 3476 inpedit,
1201 3392 1372 3477 quominus

156 3498 288 3562 notione
311 3493 374 3559 hac
395 3517 454 3582 pro
469 3495 630 3580 singulari
647 3505 782 3581 accepta
804 3505 837 3560 et
852 3495 1107 3582 pulcherrimam
1132 3506 1164 3562 et
1180 3497 1371 3564 facillimam

155 3606 227 3671 eius
249 3602 313 3669 loci
336 3611 506 3668 teneamus
528 3602 858 3688 interpretationem?
880 3603 990 3668 Etiam
1013 3603 1054 3668 de
1258 3587 1261 3594 Ι

156 3742 342 3814 medicina
372 3768 453 3812 voce
483 3745 538 3809 hic
567 3744 733 3830 agendum
766 3754 832 3827 est3
865 3745 1031 3830 significat
1063 3747 1151 3811 enim
1182 3747 1270 3835 apud
1299 3750 1374 3815 Pro-

155 3854 299 3940 pertium
323 3861 356 3918 et
378 3861 482 3917 artem
505 3851 706 3917 medicorum
728 3851 771 3934 H,
798 3852 824 3933 1,
847 3850 889 3916 57
914 3861 947 3917 et
970 3855 1172 3918 curationem
1193 3856 1296 3941 ipsam
1317 3856 1374 3939 IV,

158 3960 213 4043 16,
245 3961 280 4043 4,
314 3981 376 4024 nec
410 3980 476 4024 non
507 3979 566 4045 pro
601 3957 747 4023 remedio
780 3959 941 4024 curationi
974 3958 1161 4026 adhibendo
1194 3963 1375 4047 ,medicina’

156 4068 306 4154 ponitur:
335 4065 365 4148 I,
393 4062 427 4149 5,
455 4066 517 4147 283
552 4066 605 4148 10,
640 4064 699 4146 183
727 4064 773 4147 H,
806 4065 839 4148 6,
870 4065 930 4148 16;
962 4065 1113 4131 omnibus
1145 4077 1254 4133 autem
1286 4069 1376 4135 hisce

157 4174 238 4239 locis
260 4171 303 4238 ad
326 4194 530 4238 communem
553 4173 747 4258 scriptorum
773 4193 869 4235 usum
896 4169 1061 4259 adplicata
1087 4183 1153 4256 est3
1183 4175 1270 4261 quod
1298 4199 1377 4242 vero

157 4281 316 4368 legimus:

234 4405 264 4489 I,
287 4406 320 4490 2,
347 4403 364 4468 7
388 4401 505 4491 ,Crede
528 4402 624 4486 mihi,
647 4423 713 4468 non
736 4401 805 4468 ulla
827 4412 913 4469 tuast
935 4404 1136 4470 medicina
1156 4406 1299 4493 figurae',

158 4540 313 4604 inusitate
332 4539 436 4624 posita
460 4545 508 4602 est
531 4534 714 4623 ‘medicina'
736 4558 801 4601 vox
823 4559 882 4623 pro
905 4537 987 4621 sirco,
1012 4540 1091 4603 artis
1113 4538 1236 4604 formae
1257 4564 1377 4628 augen-

158 4646 220 4710 dae
250 4644 454 4724 adiument0,
484 4666 546 4730 quo
575 4666 672 4710 sensu
699 4643 786 4731 apud
816 4643 895 4708 alios
920 4644 1143 4729 ,medicamen'
1167 4657 1199 4710 et
1230 4649 1378 4733 ,medica-
