3326 5390
717 826 996 918 pruritum
1024 827 1071 916 11.

406 1033 456 1115 tto
483 1051 614 1116 vocum
643 1033 851 1116 notionibus
879 1032 976 1134 apud
1009 1030 1238 1133 Propertium
1268 1031 1385 1114 route.

392 1248 484 1314 Inter
506 1250 680 1336 scriptores
695 1249 871 1334 praecipue
894 1256 1063 1333 poetarum
1080 1257 1140 1330 est,
1163 1245 1395 1312 vocabulorum
1411 1270 1506 1312 usum

287 1357 380 1421 novis
412 1357 598 1422 notionibus
630 1356 769 1422 subditis
798 1379 920 1440 augere
951 1364 983 1420 et
1013 1355 1224 1441 locupletare,
1257 1376 1331 1418 cum
1364 1361 1397 1417 et
1427 1354 1507 1417 insit

288 1465 438 1549 inprimis
460 1476 572 1530 vatum
600 1467 634 1529 in
658 1465 766 1528 animo
795 1461 938 1549 ,poetico'
967 1464 1017 1527 vis
1041 1461 1099 1527 illa
1120 1464 1324 1548 procreatrix
1348 1469 1380 1525 et
1403 1462 1506 1524 maior

287 1567 335 1631 eis
359 1565 454 1632 detur
478 1569 513 1632 in
536 1566 697 1654 loquendo
721 1564 857 1631 liberta-s
883 1587 981 1651 quam
1003 1585 1116 1651 prosae
1140 1566 1295 1630 orationis
1319 1565 1506 1631 cultoribus.

287 1671 361 1753 Qua
384 1675 418 1738 in
442 1697 478 1739 re
501 1674 695 1740 fertilissimi
719 1674 853 1738 fuerunt
876 1671 1076 1738 Graecorum
1091 1681 1218 1758 poetae,
1246 1675 1402 1738 nimirum
1428 1675 1507 1760 quia

288 1789 320 1846 et
342 1782 533 1846 universum
559 1779 671 1867 populi
701 1781 873 1864 ingenium
897 1787 942 1861 et,
970 1800 1053 1864 quae
1077 1777 1165 1844 idem
1189 1782 1331 1845 maxime
1354 1789 1506 1867 praestat,

286 1885 402 1973 lingua
424 1911 549 1954 summa
572 1898 642 1953 erat
665 1886 836 1968 facilitate,
860 1909 925 1973 qua
947 1895 1061 1952 carent
1081 1887 1300 1951 Romanorum
1324 1897 1357 1953 et
1379 1886 1507 1952 indoles

287 2003 320 2058 ct
342 2016 455 2060 sermo
485 1996 611 2060 Tamen
635 1997 734 2060 etiam
756 1994 975 2058 Romanorum
998 2014 1192 2080 quemquam
1216 1996 1362 2059 extitisse
1385 2016 1507 2079 negem

285 2109 422 2186 poetam,
446 2103 526 2187 quin
550 2103 681 2166 notione
697 2099 873 2166 verborum
895 2109 1018 2165 mutata
1037 2103 1210 2188 quicquam
1228 2103 1408 2166 novaverit.
1430 2101 1506 2166 Pro-

286 2208 412 2294 pertius
442 2218 551 2273 autem
579 2209 698 2273 mirum
727 2210 762 2272 in
788 2206 920 2272 modum
951 2208 1185 2294 permultorum
1213 2230 1330 2273 vocum
1356 2210 1506 2272 notiones

286 2336 386 2382 novas
410 2314 515 2380 edidit
543 2323 575 2379 et
602 2313 733 2400 singula
753 2313 862 2380 'verba
887 2313 929 2380 ad
953 2314 1190 2381 diversissimas
1216 2338 1313 2402 saepe
1341 2315 1505 2401 signifiea-

285 2422 390 2488 tiones
418 2420 586 2504 adhibuit3
614 2420 788 2488 dummodo
816 2421 927 2486 lexica
953 2423 1150 2508 inspexeris,
1181 2434 1247 2489 tam
1274 2425 1367 2510 parvi
1396 2422 1502 2488 libelli

285 2538 449 2596 auctorem
472 2537 519 2594 tot
542 2527 621 2593 locis
644 2528 685 2594 ob
709 2550 809 2594 novas
831 2529 1006 2594 verborum
1033 2532 1181 2596 notiones
1204 2531 1385 2613 memorari,
1408 2531 1503 2594 mira-

284 2635 382 2702 beris.
405 2635 511 2702 Multa
529 2634 674 2722 quidem,
698 2638 846 2722 quamvis
862 2638 986 2701 rariora
1008 2639 1082 2720 sint,
1107 2640 1291 2704 communia
1306 2637 1406 2703 habet
1429 2659 1501 2702 cum

284 2742 460 2829 prioribus,
490 2767 628 2830 magnus
656 2753 766 2809 autem
797 2754 845 2810 est
878 2766 988 2810 eorum
1021 2767 1188 2829 numerus,
1217 2768 1300 2832 quae
1330 2744 1416 2810 solus
1447 2744 1501 2809 vel

285 2852 408 2937 primus
432 2852 467 2916 in
491 2872 590 2916 novos
613 2874 689 2916 usus
713 2853 829 2936 coegit

391 2957 442 3024 De
474 2961 641 3025 notissima
670 2959 876 3046 praefaturus
906 2981 977 3023 sum
1004 2960 1145 3022 notionis
1173 2959 1366 3040 mutatione,
1393 2956 1435 3022 de
1463 2979 1503 3022 ea

284 3087 416 3152 nempe,
440 3089 503 3155 qua
525 3069 699 3153 partieipia
718 3066 899 3151 praesentis
922 3064 976 3129 vel
996 3066 1136 3152 perfecti
1159 3066 1313 3151 temporis
1336 3075 1369 3129 et
1396 3064 1502 3130 adiec-

283 3173 353 3238 tiva
375 3172 650 3242 substantivorum
678 3201 767 3243 more
796 3176 1003 3243 adhibentur.
1030 3178 1239 3264 Quantopere
1266 3176 1419 3262 vulgatus
1447 3177 1503 3240 hic

284 3304 360 3348 usus
384 3280 483 3347 fuerit
506 3283 593 3370 apud
610 3285 751 3368 Latinos,
775 3307 870 3350 nemo
893 3287 1006 3367 nescit,
1032 3295 1064 3350 et
1082 3284 1124 3350 de
1144 3287 1214 3350 eius
1236 3283 1422 3372 frequentia
1443 3306 1503 3370 per

284 3389 430 3475 singulos
453 3391 627 3477 scriptores
650 3416 692 3458 ex
715 3391 830 3457 ordine
845 3392 1048 3458 saeculorum
1071 3391 1228 3478 discripta
1249 3414 1307 3479 pro
1329 3414 1387 3456 sua
1409 3399 1502 3477 ponte

284 3497 361 3562 satis
384 3506 536 3562 accurate
560 3499 634 3582 egit¹
655 3500 845 3586 Draegerus
872 3509 957 3585 synt
983 3498 1056 3564 Lat
1082 3499 1099 3562 I
1125 3499 1204 3564 inde
1232 3522 1253 3564 a
1274 3521 1348 3585 pag.
1370 3497 1422 3564 36.
1449 3496 1500 3563 Ob

286 3627 357 3670 eam
381 3625 511 3669 causam
534 3615 643 3670 antem
666 3606 821 3671 hocloco
845 3629 884 3671 ea
905 3629 1037 3692 ponam,
1060 3607 1148 3692 quie,
1172 3627 1255 3691 quae
1276 3606 1346 3670 eius
1368 3607 1501 3691 generis

285 3733 370 3776 nova
396 3712 530 3801 protulit
558 3712 759 3799 Propertius,
787 3715 913 3800 copiam
937 3712 1213 3778 substantivorum
1239 3721 1414 3796 auxerunt,
1438 3734 1502 3799 qua

285 3815 326 3883 de
350 3839 385 3884 re
410 3820 445 3884 in
467 3821 576 3907 priore
598 3820 761 3906 particula
783 3820 956 3907 disputavi.

390 3925 562 4013 Partioipii
585 3929 766 4013 praesentis
794 3927 913 3992 formas
935 3929 972 3991 in
994 3925 1125 3992 modum
1148 3923 1424 3992 substantivorum
1447 3925 1501 3992 ad-

285 4031 393 4098 hibuit
416 4033 501 4099 solus
524 4032 639 4098 hasce:
1473 4027 1478 4038 ’

389 4139 572 4207 Masoulino
595 4163 736 4227 genere:

285 4289 440 4359 arantes
462 4291 526 4374 III,
552 4289 581 4372 i,
605 4291 646 4356 31
672 4291 784 4377 ,Terra
804 4293 896 4379 prius
919 4289 1000 4355 falso
1022 4299 1118 4377 partu
1141 4288 1276 4356 deludet
1298 4289 1474 4374 arantes’,

285 4424 440 4488 nimirum
468 4445 526 4509 pro
554 4421 733 4510 ,agricolis',
761 4446 837 4488 nam
864 4422 942 4487 dum
970 4430 1077 4506 arant,
1105 4443 1170 4487 non
1198 4421 1399 4488 deluduntur
1421 4423 1501 4489 falso

284 4537 388 4617 partu,
411 4527 469 4594 sed
483 4532 590 4618 potius
606 4529 685 4595 dum
700 4539 835 4597 metunt.
857 4529 898 4594 In
918 4529 1032 4596 eodem
1055 4539 1256 4616 argumente,
1279 4529 1345 4614 sed,
1361 4540 1397 4596 ut
1412 4528 1501 4615 solet,

285 4638 393 4703 minus
423 4635 578 4702 audacter
607 4635 747 4702 Ovidius
776 4659 837 4702 am.
868 4635 932 4719 III,
966 4635 1019 4719 10,
1050 4636 1107 4702 34:
