3326 5390
780 381 999 448 „32-

281 555 394 621 Restat
418 555 575 643 denique:

280 695 436 768 desidia.
466 700 630 765 Translati
664 699 723 764 sed
753 697 881 785 vulgati
911 723 988 764 usus
1017 699 1114 763 huius
1144 699 1234 763 voois
1263 719 1322 784 pro
1346 696 1503 782 ignavia,

248 816 249 820 ’
280 806 412 889 11161116,
439 805 548 872 otium’
577 807 701 893 positae
730 806 881 893 exempla
908 806 1053 892 undique
1082 804 1194 890 colligi
1222 813 1368 890 possunt,
1391 823 1504 888 neque

278 910 373 998 Prop.
396 911 531 978 desunt:

338 1037 363 1119 I,
388 1035 440 1118 12,
468 1036 502 1100 l:
526 1037 625 1123 ,Quid
648 1036 730 1102 mihi
754 1036 902 1102 desidiae
924 1058 990 1101 non
1015 1058 1120 1102 cessas
1143 1035 1269 1120 fingere
1293 1033 1437 1100 crimen!

280 1167 527 1255 Significatione
559 1180 667 1236 autem
699 1173 769 1236 eius
795 1172 886 1234 vocis
913 1171 1045 1256 propria
1068 1168 1108 1233 ab
1136 1171 1206 1256 ipso
1228 1167 1323 1234 verbi
1348 1163 1503 1253 ,desideo’

279 1298 377 1340 sensu
400 1277 550 1344 derivata
572 1301 667 1343 nemo
691 1301 769 1358 sane
792 1301 869 1342 usus
892 1286 941 1342 est
964 1279 1028 1341 nisi
1051 1277 1255 1363 Propertius:

438 1410 464 1494 Ι,
489 1408 538 1494 15,
562 1410 582 1474 6
605 1412 659 1498 ,Et
681 1409 797 1497 longa
820 1410 939 1475 faciem
963 1433 1120 1497 quaerere
1144 1406 1316 1490 desidia',

280 1542 337 1608 ubi
361 1542 469 1628 ,longa
492 1542 627 1608 desidia'
651 1544 740 1610 idem
765 1553 813 1609 est
835 1567 873 1609 ac
897 1543 1005 1629 ,longa
1019 1541 1180 1610 sessione’.
1207 1540 1375 1623 Similiter,
1399 1539 1502 1604 seda

279 1648 380 1714 verbo
410 1649 541 1735 ,desido'
572 1650 757 1716 derivatum
790 1649 934 1736 ‘desidia’
968 1649 1120 1715 adhibuit
1150 1647 1248 1736 Apul.
1280 1648 1387 1733 dogm.
1418 1647 1504 1712 Plat.

279 1755 320 1838 Π,
349 1756 400 1837 17,
426 1755 466 1821 15
497 1758 617 1844 ,Robur
646 1759 798 1844 viresque
829 1758 955 1842 frangit
984 1767 1017 1822 et
1038 1780 1154 1822 verum
1178 1755 1318 1821 colorem
1347 1754 1390 1819 ad
1417 1753 1502 1818 desi-

281 1861 369 1926 diam
407 1865 578 1948 sanguinis
610 1863 721 1929 mutat'
759 1865 790 1929 11.
823 1889 850 1930 e.
882 1864 925 1929 ad
961 1887 1143 1947 recessum,
1177 1864 1265 1929 idem
1300 1863 1341 1930 de
1378 1861 1501 1928 mundo

202 2058 203 2061 Ἴ
282 1968 331 2051 73,
360 1969 402 2036 28
427 1970 600 2056 ,Regiones
627 1970 756 2036 desidia
777 1956 876 2036 maris
905 1971 1048 2058 pedestri
1073 1994 1205 2036 accessu
1227 1972 1358 2057 pervias
1381 1966 1501 2035 factas!

389 2136 462 2222 Sed,
486 2149 523 2204 ut
546 2139 588 2205 ad
612 2163 658 2222 ea,
683 2163 765 2226 quae
788 2140 960 2205 tractanda
986 2141 1080 2206 nobis
1107 2143 1344 2227 proposuimus,
1368 2139 1502 2204 tandem

282 2253 492 2329 transeamus,
516 2269 575 2333 per
598 2269 722 2333 genera
738 2245 910 2334 discriptas
928 2247 1170 2312 consideremus
1185 2270 1282 2312 voces
1301 2269 1385 2311 novo
1407 2245 1502 2309 modo

282 2375 301 2416 a
316 2352 410 2440 Prop.
426 2353 607 2420 translatas.
630 2355 738 2422 Venia
754 2366 863 2421 autem
879 2354 1114 2442 quodammodo
1129 2356 1212 2420 mihi
1227 2355 1371 2443 petenda
1390 2364 1438 2419 est
1461 2352 1502 2417 ab

283 2459 340 2541 eis,
356 2458 474 2544 quibus
491 2482 610 2546 eorum,
635 2485 718 2550 quae
733 2473 930 2529 tractaturus
945 2485 1024 2544 sum,
1049 2462 1215 2548 dispositio
1240 2499 1281 2509 -
1305 2485 1368 2548 qua
1384 2463 1503 2525 iterum

282 2566 318 2628 in
348 2563 560 2648 substantiva,
590 2568 763 2652 adiectiva,
796 2569 898 2634 verba
929 2568 1120 2655 dispertiam
1151 2607 1188 2616 —
1214 2571 1322 2634 minus
1349 2566 1503 2655 placebit.

284 2667 349 2736 Sed
372 2671 474 2737 multa
498 2683 611 2738 conato
635 2675 727 2740 nulla
749 2676 831 2740 mihi
855 2677 960 2763 aptior
975 2677 1047 2740 visa
1071 2685 1126 2758 est,
1151 2698 1215 2761 qua
1237 2675 1411 2762 perspicua
1433 2694 1504 2759 pro-

283 2785 423 2863 ponatur
454 2788 568 2864 poetae
608 2780 756 2846 elocutio.
793 2782 845 2847 De
884 2783 1024 2868 singulis
1056 2782 1269 2870 disponendis
1308 2783 1343 2845 in
1376 2801 1503 2866 quoque

284 2905 407 2967 genere
439 2884 644 2970 videbimus,
678 2889 719 2952 de
752 2891 890 2955 materia
921 2900 1031 2954 autem
1065 2887 1149 2953 illud
1181 2888 1263 2954 mihi
1296 2887 1505 2952 observatum

285 3012 366 3071 esse,
396 2991 461 3054 ianr
493 2991 554 3057 hoc
587 2993 656 3058 loco
689 2994 853 3078 adnotem,
884 2997 949 3059 tria
975 2997 1178 3081 potissimum
1203 3011 1286 3076 esse,
1318 2997 1354 3060 in
1385 2992 1505 3081 quibus

285 3105 382 3182 poeta
403 3101 581 3181 novaverit,
605 3103 746 3187 primum
777 3123 851 3165 cum
874 3101 916 3166 de
941 3105 1086 3166 carmine
1117 3103 1186 3188 ipso
1215 3111 1247 3165 et
1269 3109 1438 3187 poetarum
1461 3098 1506 3162 of·

285 3200 374 3286 ficio,
408 3202 529 3270 deinde
563 3228 636 3271 cum
667 3206 708 3271 dc
739 3209 794 3292 eis,
824 3230 906 3294 quae
937 3209 979 3274 ad
1009 3231 1161 3290 amorem,
1191 3207 1333 3294 denique
1365 3228 1439 3270 cum
1462 3203 1505 3268 de

286 3309 342 3391 eis,
365 3331 448 3395 quae
471 3310 514 3375 ad
536 3322 673 3378 mortem
695 3315 871 3399 pertinent,
895 3314 1053 3402 loquatur.
1099 3314 1174 3395 Qua
1196 3312 1238 3378 de
1261 3335 1297 3376 re
1321 3334 1387 3377 non
1409 3313 1506 3376 mira-

282 3414 380 3500 bitur,
405 3419 591 3505 quicunque
609 3420 815 3506 Propertium
836 3424 1027 3506 cognoverit
1049 3431 1186 3507 poetam,
1210 3421 1378 3485 Musarum
1400 3441 1507 3486 sacer·

284 3523 393 3588 dotem
422 3527 642 3611 verissimum,
671 3531 789 3594 amoris
811 3539 921 3594 vatem
944 3527 1213 3610 fervidissimum,
1242 3530 1335 3592 ouius
1359 3527 1506 3591 carmina

285 3639 514 3718 autemsaepe
539 3636 633 3718 gravi
657 3635 796 3721 quadam
819 3637 984 3701 maestitia
1011 3644 1044 3700 et
1066 3635 1178 3698 mortis
1206 3635 1433 3702 recordatione
1458 3635 1505 3698 in-

286 3738 366 3804 buta
389 3750 472 3804 sunt.

628 3975 630 3979 ·
726 3951 782 4024 Do
805 3953 1061 4027 substantivis

288 4129 479 4211 disserturo,
508 4138 545 4194 ut
576 4153 595 4194 a
625 4131 828 4198 facilioribus
858 4135 985 4220 capiam
1015 4135 1160 4214 initium,
1191 4132 1233 4198 de
1261 4155 1301 4198 ea
1326 4133 1505 4198 mutatione

288 4238 430 4322 primum
453 4259 552 4320 agere
576 4239 611 4301 in
634 4241 743 4304 animo
768 4250 823 4322 est,
847 4262 930 4326 quae
953 4263 996 4306 ex
1018 4239 1235 4305 similitudine
1258 4242 1412 4306 nascitur.

288 4375 352 4448 1116
374 4401 431 4465 pro
454 4401 544 4444 remo
567 4380 691 4446 dictum
716 4391 780 4446 est:

379 4502 420 4584 V,
443 4505 476 4575 6,
495 4495 542 4569 '47
568 4506 646 4592 ,Nec
669 4514 715 4587 te,
739 4503 825 4592 quod
848 4503 960 4568 classis
984 4507 1132 4572 centenis
1155 4508 1295 4591 remiget
1318 4506 1425 4590 alis,

570 4612 723 4675 Terreat:
740 4659 747 4674 .
763 4659 771 4674 .
787 4659 794 4674 .
810 4609 826 4674 .’
1238 4617 1240 4624 '
