3326 5390
508 433 841 533 ¹.-er--

249 612 313 704 ΙΠ,
339 619 391 705 12,
414 620 457 686 22
480 618 556 708 ,Aut
579 619 667 688 celer
689 627 834 707 agrestes
857 620 1035 684 comminus
1059 619 1108 683 ire
1130 609 1221 700 eues’,

127 780 156 846 q.
181 783 207 825 e.
230 760 323 826 feras.
345 758 429 825 Inde
455 763 612 848 prooessit
638 771 734 848 poeta
761 763 796 828 in
818 759 1007 828 adhibenda
1028 781 1121 844 voce,
1149 766 1186 825 ut
1207 760 1338 826 omnino

127 887 200 930 eam
222 876 358 954 poneret
380 888 438 954 pro
461 866 618 955 ,ferinue't

157 1007 221 1093 111,
238 1007 293 1093 31,
310 1011 351 1076 13
367 1008 444 1097 ,An,
459 1012 611 1099 quoniam
627 1019 819 1098 agrestem
835 1009 980 1076 detraxit
994 1008 1035 1077 ab
1052 1031 1107 1075 ore
1122 1007 1309 1096 figuram',

128 1146 214 1232 quod
235 1148 321 1216 solus
343 1151 502 1219 imitando
524 1154 650 1240 recepit
672 1151 811 1219 Ovidius

128 1298 202 1356 mea
225 1289 299 1376 9,95
323 1342 341 1379 ⁴.
366 1342 374 1357 .
396 1297 424 1358 .'
427 1343 742 1362 ...........
764 1293 874 1360 vultus
896 1292 1060 1360 Achelous
1083 1303 1228 1382 agrestes

321 1397 366 1465 let
386 1399 531 1467 lacerum
554 1421 655 1467 eomu
677 1399 795 1467 mediis
818 1410 916 1490 eaput
938 1399 1066 1468 abdidit
1087 1398 1211 1484 undis3’

130 1538 306 1628 eodemque
329 1541 423 1609 modo

127 1685 348 1783 pampineae
363 1700 562 1770 adieetivum
577 1726 597 1769 a
611 1707 778 1792 pampino,
796 1705 873 1770 vitis
891 1701 1019 1787 fronde,
1039 1699 1235 1783 derivem,
1254 1698 1340 1787 quod

128 1803 258 1891 vulgari
280 1829 341 1901 usu
363 1817 419 1874 aut
441 1808 483 1875 de
507 1811 554 1876 eis
577 1808 710 1895 dieitru,
733 1833 816 1898 quae
839 1809 882 1876 ad
905 1832 977 1876 eam
992 1806 1141 1874 frondem
1164 1807 1339 1893 pertinent,

127 1918 184 2082 ppt
204 1910 247 2084 plfie
272 1913 331 2086 gig,
358 1935 441 2001 quae
470 1914 584 1982 eadem
606 1925 682 1982 sunt
707 1925 806 2000 taeta,
832 1914 932 2002 plena
957 1913 1012 1980 vel
1035 1920 1160 1997 ornata,
1187 1922 1224 1978 ut
1245 1911 1339 1999 Prop.

175 2065 183 2101 l
245 2065 255 2102 1

406 2133 454 2221 ,Iu
476 2135 562 2202 vada
583 2137 759 2223 pampinea
780 2135 950 2203 desiluisse
973 2133 1061 2218 rate’,

127 2273 225 2361 plane
247 2295 305 2362 pro
328 2276 461 2363 ,vineus'
484 2279 639 2346 audacter
660 2290 757 2367 poeta
777 2283 901 2367 posuit:

213 2415 277 2501 111,
301 2417 357 2502 31,
380 2418 424 2484 30
445 2419 685 2507 ,Pampineus
708 2422 792 2486 nosti
815 2441 912 2507 quam
935 2421 978 2484 sit
1000 2441 1128 2485 amarus
1150 2416 1257 2501 odor',

127 2555 184 2622 ubi
198 2557 279 2641 vini,
302 2579 367 2624 non
382 2560 460 2626 vitis
475 2558 606 2628 odorem
624 2561 804 2648 significari
820 2561 1056 2628 sententiarum
1072 2580 1223 2626 connexu
1237 2566 1335 2646 patet.

666 2811 793 2885 Verba

126 3010 215 3054 nuno
237 3010 311 3056 eum
333 2991 428 3057 nobis
449 2994 516 3059 sint
530 2993 709 3078 mactanda,
732 3003 769 3059 ut
791 2992 832 3060 ab
848 2995 975 3061 usitatis
997 2994 1173 3062 mutandae
1195 2997 1337 3063 notionis

125 3096 303 3183 generibus
326 3099 491 3183 exordiar,
517 3102 622 3187 primo
645 3100 715 3166 loeo
738 3100 897 3167 nonnulla
918 3111 993 3167 sunt
1015 3101 1212 3189 proferenda
1234 3112 1267 3169 et
1290 3105 1338 3169 in·

125 3204 309 3288 transitiva,
333 3227 415 3292 quae
438 3208 622 3291 transitive,
649 3216 682 3273 et
704 3210 888 3292 transitiva,
911 3230 994 3297 quae
1017 3210 1224 3276 intransitive
1246 3209 1338 3276 adhi-

125 3308 198 3376 buit
219 3309 415 3398 Propertius.

126 3467 358 3560 degenerare
381 3473 543 3539 communi
567 3474 760 3560 optimorum
783 3475 977 3562 scriptorum
999 3498 1060 3542 usu
1083 3484 1132 3541 est
1154 3498 1183 3562 ,a
1204 3477 1337 3562 generis

126 3587 244 3644 natum
273 3578 460 3646 discedere?
488 3579 616 3645 Primus
643 3580 830 3667 Propertius
858 3583 1101 3649 transitivorum
1130 3603 1219 3648 more
1249 3580 1337 3648 idem

127 3684 295 3751 adhibuit:
413 3707 415 3710 ·

125 3824 166 3911 V,
190 3825 224 3910 1,
248 3827 289 3893 79
313 3827 366 3914 ,Di
387 3827 470 3894 mihi
493 3838 569 3896 sunt
590 3837 689 3896 testes
712 3850 777 3896 non
800 3828 1062 3917 degenerasse
1084 3827 1337 3918 propinquos’,

126 3989 156 4054 q.
186 3988 214 4032 e.
242 3965 473 4054 degenerando
501 3968 665 4057 polluere,
700 3980 879 4057 sequuntur
912 3980 1020 4037 autem
1050 3969 1189 4037 Ovidius
1222 3971 1336 4036 eadem

126 4075 258 4140 notione
287 4084 416 4141 servata
440 4085 527 4163 pont.
553 4078 617 4162 III,
647 4079 678 4162 l,
705 4076 748 4143 45
777 4078 882 4163 ,Hane
909 4100 989 4145 cave
1016 4076 1223 4166 degeneres,
1250 4075 1335 4142 adde

126 4189 202 4246 met.
226 4181 254 4265 7,
277 4179 359 4266 5433
381 4192 492 4268 postea
514 4182 592 4249 Stat
607 4184 679 4250 silv.
700 4185 764 4266 III,
790 4185 822 4268 1,
844 4185 908 4251 160
929 4183 1140 4272 ,degenerare
1163 4182 1335 4249 honorem'.

125 4283 277 4373 Amplius
308 4290 406 4354 etiam
433 4291 591 4377 prooessit
620 4287 688 4356 eol
718 4292 747 4376 7,
776 4291 913 4373 12,.11:
936 4290 1057 4378 ,Venus
1080 4339 1087 4354 .
1109 4338 1117 4354 .
1141 4339 1149 4355 .
1171 4338 1179 4354 .
1201 4339 1208 4355 .
1232 4292 1337 4378 carpit

126 4393 224 4478 vires,
253 4396 440 4483 animosque
469 4395 666 4484 degenerat',
696 4400 749 4464 eui
780 4398 820 4465 of.
843 4395 906 4464 Sol.
936 4397 984 4481 17,
1010 4397 1059 4463 11.
1087 4395 1212 4461 Eodem
1241 4396 1336 4462 modo

126 4508 286 4566 mantum
309 4525 378 4570 esse
400 4525 420 4569 a
439 4503 534 4591 Prop.
557 4527 687 4570 sensum
710 4503 868 4591 putabant
889 4502 983 4569 verbi

127 4656 255 4728 dolero
277 4661 307 4744 Ι,
332 4660 381 4745 16,
404 4661 461 4728 24:
