3326 5390
795 372 1011 436 ..34-

293 560 522 636 argumentum
538 548 658 615 Ovidio
680 549 884 613 tritissimum
908 551 1058 614 occurrit.
1080 549 1217 635 Propria
1239 557 1349 636 autem
1372 545 1518 635 ,cymba'

293 658 382 722 vocis
413 658 501 721 notio
532 655 686 742 frequens
718 664 766 719 est
798 657 833 720 in
864 656 1033 743 Propertio
1063 655 1092 738 I,
1124 656 1179 739 11,
1212 655 1272 738 10,
1301 656 1351 738 Π,
1380 655 1416 744 4,
1446 655 1519 736 29,
1638 693 1639 704 ³

291 762 349 846 IV,
369 760 417 845 17,
436 761 495 843 24,
518 759 557 844 V,
581 760 609 844 6,
629 759 688 843 63,
714 760 762 844 11,
787 761 838 829 69.
862 760 985 846 Simile,
1010 761 1068 828 sed
1091 763 1226 827 minoris
1250 763 1421 846 momenti,
1445 769 1518 827 est:

291 919 426 992 tomus
447 921 507 1004 ΙΠ,
529 920 582 1005 32,
604 920 648 986 43
672 919 795 1006 ιΙ113133
819 922 884 985 iam
908 928 1045 1005 angusto
1059 943 1174 986 versus
1197 919 1357 985 incudere
1380 918 1518 1002 torno’,

291 1086 353 1152 quo
382 1066 471 1130 enim
500 1066 536 1129 in
565 1087 663 1129 versu
690 1061 776 1129 nihil
799 1084 919 1128 novum
948 1072 997 1128 est
1018 1065 1082 1129 nisi
1112 1059 1240 1148 ,tornus'
1269 1061 1517 1127 substantivum

291 1170 512 1259 metaphorice
552 1170 748 1252 adhibitum,
788 1169 873 1257 quod
911 1179 1082 1257 praeterea
1117 1169 1257 1254 legimus
1296 1167 1384 1255 apud
1422 1177 1515 1234 auct.

290 1301 408 1365 paneg.
435 1278 477 1344 ad
508 1279 572 1344 Pis.
602 1278 756 1344 83113111
785 1277 949 1343 sententia
980 1286 1080 1363 ,torno
1111 1275 1269 1341 incudere
1297 1272 1419 1341 versus'
1443 1277 1516 1340 iam

291 1385 467 1473 praebetur
491 1383 532 1450 ab
555 1383 691 1450 Horatio
715 1405 742 1448 a
764 1406 795 1470 p.
818 1381 900 1447 441:

465 1526 516 1613 ,Et
539 1523 624 1590 male
647 1533 822 1591 tornatos
845 1522 959 1590 incudi
982 1523 1122 1589 reddere
1144 1522 1299 1590 versus'.

291 1670 473 1755 Utrumque
506 1678 628 1751 autem,
663 1677 695 1735 31
730 1667 858 1754 ,13111113
892 1678 924 1733 31
956 1666 1113 1753 tornare,
1151 1639 1326 1754 eorumque
1362 1667 1515 1731 notiones

290 1775 466 1842 translatae
487 1799 507 1840 a
522 1774 659 1841 Graecis
685 1784 818 1862 recepta
841 1784 934 1841 sunt:
956 1774 1034 1840 vide
1057 1774 1151 1840 modo
1171 1773 1279 1862 πόρνος
1303 1781 1335 1839 31
1358 1769 1515 1860 caprariam

293 1885 329 1949 in
354 1882 480 1948 lexicis
503 1880 558 1947 sic
580 1903 708 1970 quoque
730 1883 854 1969 primus
876 1882 1065 1968 Propertius

294 2038 401 2123 orgia
423 2041 481 2126 IV,
507 2043 538 2126 1,
562 2042 699 2128 4·,Ι1313
720 2065 780 2129 per
804 2041 920 2108 Graios
942 2045 1054 2128 orgia
1075 2044 1162 2109 ferre
1186 2040 1307 2108 choros’

1641 2143 1642 2170 l

293 2184 449 2250 translate
473 2181 625 2249 adhibuit
652 2182 693 2248 de
720 2185 820 2250 sacris
848 2184 966 2248 amoris
993 2183 1048 2249 331
1076 2183 1117 2249 de
1146 2182 1346 2248 carminibus
1372 2181 1513 2246 eroticis.
1641 2185 1642 2200 ¹

293 2291 442 2358 Eandem
466 2311 580 2355 vocem
604 2289 668 2354 alio
691 2313 788 2355 sensu
810 2290 978 2356 transtulit
1001 2289 1067 2356 031.
1093 2289 1149 2373 10,
1173 2290 1246 2354 217.

398 2396 464 2464 Sed
486 2398 569 2463 haec
592 2397 633 2464 de
658 2400 821 2464 carmina>
840 2397 970 2464 Amoris
994 2409 1103 2464 autem
1126 2421 1200 2496 cum
1228 2398 1299 2484 igni
1323 2395 1512 2482 conparatio

291 2504 438 2590 vulgaris
464 2513 524 2588 est,
557 2504 645 2570 unde
673 2507 785 2571 variae
813 2507 995 2571 extiterunt
1026 2505 1113 2593 apud
1143 2514 1254 2592 poetas
1284 2503 1511 2589 metaphorae,

292 2615 388 2694 atque
411 2606 600 2694 Propertius
629 2605 733 2693 ‘ignis’
763 2608 804 2691 (I,
833 2609 865 2692 6,
896 2608 932 2690 7,
962 2609 995 2691 9,
1025 2609 1083 2691 17,
1114 2608 1167 2691 11,
1198 2607 1233 2690 7,
1266 2608 1330 2691 ΙΠ,
1357 2608 1413 2693 32,
1445 2609 1511 2696 44,

291 2711 405 2801 133,
429 2713 538 2798 33,1,
562 2712 623 2797 13,
654 2716 709 2799 13,
733 2715 778 2797 3),
807 2713 919 2801 ,aar
944 2715 985 2798 ,1,
1010 2715 1043 2797 a,
1068 2715 1128 2797 13,
1154 2715 1181 2799 r,
1205 2714 1266 2796 14,
1292 2714 1345 2797 13,
1371 2717 1430 2799 13,
1456 2717 1512 2800 13,
1642 2696 1643 2700 '

292 2821 351 2904 28,
384 2821 439 2904 20,
468 2821 501 2902 6)
530 2843 604 2887 cum
631 2820 742 2908 Verg.,
773 2821 858 2904 Tib,
889 2822 929 2886 al.
956 2821 1108 2908 protulit,
1141 2819 1255 2907 ,calor’,
1286 2823 1372 2908 quod
1401 2834 1511 2904 antea,

293 2936 449 3016 quantum
476 2929 557 3010 3313,
588 2927 673 2993 solus
700 2929 855 2994 Horatius
885 2951 912 2993 c.
939 2928 995 3011 IV,
1024 2930 1057 3011 9,
1087 2931 1125 2994 ll
1156 2928 1276 3015 plurali
1306 2952 1442 2995 numero
1473 2952 1511 2995 ea

292 3036 423 3100 notione
447 3034 595 3119 adhibet,
617 3035 711 3122 Prop.
734 3035 763 3119 Ι,
790 3037 842 3119 18,
872 3036 929 3118 17,
953 3035 1011 3119 IV,
1035 3035 1064 3120 7,
1088 3035 1108 3100 9
1131 3035 1306 3121 singulari,
1333 3035 1363 3120 I,
1389 3037 1443 3118 12,
1469 3034 1506 3099 17

290 3141 411 3230 plurali
433 3140 597 3229 praebuit,
620 3151 756 3229 utroque
780 3164 915 3208 numero
939 3143 1180 3230 frequentatum
1203 3141 1323 3209 Ovidio
1346 3145 1435 3228 (met.
1460 3142 1508 3223 11,

291 3247 375 3332 305,
403 3248 471 3313 her.
497 3249 550 3331 19,
581 3247 658 3330 173,
687 3271 714 3314 3.
742 3271 769 3313 3.
795 3249 826 3331 1,
855 3248 934 3331 237,
963 3249 1033 3334 31),
1063 3247 1209 3336 ‘flamma'
1239 3270 1328 3332 3313,
1356 3246 1443 3336 quod
1470 3271 1509 3313 ea

289 3356 453 3421 sententia
477 3353 558 3438 Cat,
581 3354 696 3441 Verg,
719 3355 810 3439 Hoc,
834 3354 894 3422 03.
919 3358 953 3422 in
977 3380 1038 3422 usu
1061 3357 1136 3441 fuir,
1160 3378 1226 3422 non
1249 3357 1413 3443 praestitit
1434 3355 1508 3420 Pro-

288 3463 414 3550 pertius
436 3464 501 3528 nisi
524 3461 589 3545 III,
612 3463 668 3545 32,
693 3463 744 3529 86.
766 3463 997 3550 Locupletasse
1021 3472 1130 3531 autem
1152 3465 1284 3531 videtur
1308 3487 1382 3546 eum
1397 3485 1509 3529 nume-

290 3589 364 3634 rum
386 3588 466 3634 voce

289 3725 435 3808 nestun,
459 3724 501 3790 de
525 3746 633 3790 amore
657 3722 807 3790 adhibita

341 3858 406 3942 111,
430 3858 485 3940 31,
508 3858 551 3923 43
576 3856 719 3945 ,Semper
743 3860 778 3923 in
801 3857 953 3924 absentes
976 3859 1105 3925 felicior
1127 3870 1255 3927 aestus
1278 3859 1441 3927 amantes'.

289 3998 382 4080 Quae
410 4019 475 4062 vox
502 3997 544 4063 de
572 3999 644 4083 igni
674 3997 717 4064 ad
744 4021 833 4064 mare
860 4000 1068 4086 transfertur,
1097 4001 1186 4067 unde
1214 4001 1435 4089 metaphorice
1465 4002 1506 4067 de

289 4125 398 4170 amore
421 4114 576 4191 usurpata
599 4127 668 4171 esse
691 4105 824 4172 videtur
848 4106 965 4173 collato
988 4106 1048 4173 03.
1072 4108 1140 4174 her.
1165 4110 1218 4193 16,
1243 4108 1285 4174 25

419 4237 554 4324 Perstet
577 4247 617 4321 et,
640 4249 677 4304 ut
699 4237 819 4325 pelagi,
843 4241 891 4305 sic
913 4242 1055 4327 pectoris
1077 4241 1212 4308 adiuvet
1234 4240 1376 4326 aestum',

288 4380 344 4466 qui
368 4379 457 4446 idem
480 4400 606 4467 quoque
634 4390 730 4466 poeta
757 4378 923 4466 ‘aestuare'
951 4393 1025 4448 met.
1049 4383 1082 4466 6,
1110 4383 1177 4450 490
1200 4384 1314 4450 eodem
1337 4382 1431 4448 modo
1454 4404 1507 4471 po

288 4487 366 4568 suit,
391 4485 550 4552 3111131.
575 4487 669 4552 Mart
692 4487 754 4570 IX,
779 4487 834 4571 23,
859 4488 909 4554 11.

379 4589 520 4654 ¹Harum
551 4600 659 4655 autem
689 4611 805 4655 vocum
835 4591 1010 4657 nonnullas
1040 4615 1099 4680 pro
1130 4594 1250 4681 puellis
1280 4598 1358 4685 ipsis
1391 4600 1506 4663 amatis
