3326 5390
681 351 896 418 „31-

283 530 337 595 Ex
361 530 476 596 eadem
499 530 593 595 verbi
616 533 748 596 notione
771 529 929 596 facillime
953 540 986 597 et
1009 530 1194 597 declaratur
1217 541 1250 596 et
1276 553 1296 596 a
1323 552 1397 596 con·

175 639 311 703 iacturis
334 641 586 724 supervacaneis
609 637 798 703 vindicatur
820 640 1050 704 versatissimus
1073 638 1131 703 ille
1155 638 1257 720 locus,

282 772 313 856 Ι,
338 773 371 856 1,
397 774 441 840 20
462 771 517 858 ‘At
539 794 606 856 vos,
631 772 792 839 deductae
816 773 934 860 quibus
958 784 1006 838 est
1028 773 1150 838 fiducia
1173 772 1271 838 lunae

539 880 583 944 Et
605 879 697 944 labor
720 882 756 944 in
779 882 917 965 magicis
940 902 1049 945 sacra
1071 882 1180 966 piare
1203 879 1301 944 focis’

176 1012 291 1097 Neque
320 1013 409 1077 enim
437 1032 517 1098 opus
545 1021 594 1077 est
618 1012 660 1077 ad
684 1011 927 1078 defendendam
951 1012 1042 1078 codd.
1066 1015 1260 1099 scripturam
1283 1013 1397 1077 Hertz-

175 1118 285 1204 bergii
321 1120 473 1204 argutiis,
510 1142 611 1206 ‘sacra
644 1132 752 1186 nostro
785 1120 855 1185 loco
887 1143 953 1185 non
985 1120 1192 1186 sacrificandi
1225 1115 1396 1184 actionem'

175 1226 378 1312 significare,
413 1227 479 1312 ‘sed
502 1250 554 1291 res
578 1228 738 1292 sacrificio
762 1226 893 1293 oblatas’
919 1250 996 1314 eqs.,
1027 1228 1200 1292 dummodo
1224 1250 1241 1292 e
1265 1227 1397 1291 notione

176 1356 196 1398 a
216 1333 385 1421 Propertio
409 1337 478 1422 ipso
501 1335 698 1422 conprobata
722 1338 991 1422 interpretemur:
1015 1337 1079 1422 ‘qui
1103 1358 1194 1401 sacre
1214 1337 1268 1421 pio
1288 1334 1397 1398 animo

176 1439 283 1505 colitis
306 1443 342 1505 in
365 1440 445 1506 focis
468 1441 624 1528 magicis’

282 1546 378 1628 Quod
406 1558 515 1614 autem
542 1549 580 1616 L.
607 1548 787 1614 Muellerus
814 1551 892 1614 satis
915 1551 1082 1635 inproprie
1105 1548 1137 1612 h.
1161 1548 1181 1612 l.
1204 1548 1271 1612 dici
1296 1570 1396 1634 ‘sacra

174 1655 277 1740 piare'
306 1655 442 1741 profert,
470 1679 554 1742 ‘cum
582 1655 640 1719 alii
668 1655 852 1721 sacerdotes
879 1678 945 1720 non
973 1659 1081 1721 minus
1109 1677 1205 1742 quem
1232 1656 1321 1740 magi
1345 1653 1395 1718 illi

175 1762 346 1829 sacrificiis
369 1763 508 1828 redditis
531 1762 608 1828 deos
631 1762 762 1849 placare
786 1765 852 1829 sint
875 1762 980 1844 soliti',
1004 1762 1088 1827 illud
1107 1762 1189 1827 mihi
1208 1761 1395 1848 neglexisse

173 1869 315 1951 videtur,
338 1871 474 1935 minime
498 1891 656 1934 summam
679 1871 715 1935 in
739 1869 800 1934 hoc
822 1893 920 1934 versu
938 1871 1006 1934 vim
1024 1867 1147 1934 habere
1167 1889 1268 1953 ‘sacra
1284 1865 1394 1955 piare’,

174 1974 233 2041 sed
257 1978 403 2062 ‘magicis
431 1975 519 2041 focis'
548 1979 789 2063 praecipueque
817 1977 1018 2042 adiectivum
1047 1971 1210 2062 ‘magicisl
1247 1973 1332 2039 Nam
1363 1983 1396 2038 et

174 2087 339 2148 sententia
362 2084 423 2148 hoc
447 2083 573 2149 indicat
596 2094 628 2149 et
648 2083 706 2149 illa
724 2083 826 2149 verba
845 2085 989 2170 egregiis
1008 2105 1122 2147 versus
1140 2081 1220 2145 locis
1240 2081 1397 2146 collocata

175 2199 263 2273 sunt,
293 2192 430 2271 eisdem,
458 2214 536 2278 quos
565 2193 601 2255 in
629 2191 839 2256 antecedenti
867 2213 965 2255 versu
988 2189 1158 2274 ‘deductae
1181 2187 1297 2272 lunae’,
1321 2210 1395 2275 quo·

175 2320 247 2362 rum
271 2297 318 2362 ibi
343 2320 468 2361 summa
489 2298 552 2379 vis,
576 2305 704 2378 tenent,
728 2299 774 2361 ita
796 2306 832 2360 ut
854 2297 942 2361 haud
966 2296 1103 2362 dubium
1127 2296 1209 2361 mihi
1233 2299 1287 2380 sit,
1313 2297 1393 2382 quin

174 2405 269 2491 Prop.
291 2403 332 2469 de
357 2403 493 2468 consilio
517 2425 556 2468 ea
578 2405 772 2490 opposuerit.

282 2509 479 2575 Coniectura
502 2512 604 2596 igitur
626 2509 706 2575 Rob.
730 2509 858 2595 Ungeri
882 2507 994 2595 castra,
1020 2512 1168 2596 quamvis
1191 2533 1211 2575 a
1232 2508 1392 2575 Muellero

174 2616 450 2705 palaeographica
475 2626 544 2683 arte
573 2616 811 2700 commendata,
842 2638 904 2680 nec
936 2618 1044 2682 minus
1075 2617 1194 2681 Fontei
1221 2614 1304 2702 ‘fata’
1332 2618 1393 2680 rei·

175 2725 313 2789 ciendae
336 2733 420 2789 sunt.
458 2722 574 2790 Altera
601 2734 723 2808 autem,
751 2746 847 2810 quam
871 2725 907 2788 in
931 2723 1078 2810 longiore
1101 2747 1199 2788 versu
1221 2745 1279 2810 pro
1303 2722 1395 2787 codd.

174 2830 322 2918 ‘fallacia'
358 2835 525 2920 proposuit
560 2832 740 2898 Muellerus
780 2833 969 2897 coniectura
1008 2841 1040 2897 et
1078 2833 1264 2896 necessaria
1302 2830 1394 2914 (vide

174 2939 292 3023 ipsum)
316 2949 349 3005 et
371 2941 554 3023 verissima,
579 2937 726 3025 fiducia,
749 2948 859 3004 nostra
881 2937 1042 3003 brevioris
1065 2961 1179 3003 versus
1202 2940 1394 3023 interpreta-

174 3046 264 3134 tione
287 3045 384 3111 valde
409 3046 642 3133 conprobatur:
665 3069 755 3130 nam,
778 3047 834 3133 qui
858 3045 1028 3110 sacrificiis
1051 3047 1107 3133 pia
1129 3054 1239 3111 mente
1262 3067 1394 3132 operam

175 3150 268 3236 dant,
302 3175 413 3218 eorum
447 3164 495 3220 est
527 3154 649 3220 fiducia
680 3177 760 3241 erga
790 3155 938 3238 numina,
976 3176 1058 3240 quae
1097 3153 1221 3237 colunt,
1256 3154 1392 3217 minime

175 3267 284 3323 autem
307 3259 447 3326 fallacia.

175 3413 421 3485 concumbere
452 3427 485 3483 et
512 3413 737 3487 concubitus
767 3439 977 3504 congressum
1005 3419 1194 3500 venerium,
1222 3428 1258 3484 ut
1286 3417 1392 3506 ‘coire'

176 3530 208 3587 et
245 3521 365 3609 ‘coitus'
403 3519 590 3609 significare
630 3523 747 3608 solent,
780 3525 1015 3612 ‘concumbere’
1049 3549 1087 3592 eo
1118 3548 1215 3591 sensu
1250 3550 1270 3592 a
1299 3527 1394 3613 Prop.

162 3651 301 3718 ¹quoque
325 3629 501 3696 adhibetur
527 3631 591 3714 111,
620 3630 647 3714 7,
673 3629 733 3696 16:

439 3764 579 3850 ‘Dicitur
603 3772 635 3830 et
657 3764 767 3830 nudae
791 3763 1003 3830 concubuisse
1028 3763 1127 3831 deee’.

174 3893 294 3962 Actum
317 3906 426 3963 autem
450 3898 582 3963 omnino
610 3897 850 3965 concumbendi
879 3908 912 3964 et
934 3898 1066 3964 iacendi
1093 3921 1178 3965 unus
1204 3900 1393 3987 Propertius

174 4001 225 4068 his
248 4003 383 4082 vocibus
406 4004 588 4090 significat:
866 4001 868 4008 ’

288 4137 327 4222 V,
352 4139 380 4222 1,
403 4138 425 4202 4
472 4136 629 4223 ‘Euandri
652 4135 811 4223 profugae
834 4135 1082 4202 concubuere
1105 4135 1227 4223 boves,

346 4245 379 4328 8,
403 4245 446 4310 36
469 4245 619 4331 ‘Quaeris
643 4244 902 4311 concubitus?
926 4247 1013 4310 inter
1035 4254 1206 4333 utramque
1229 4245 1295 4330 fui',

173 4400 202 4464 q.
234 4401 261 4442 e.
291 4380 442 4464 ‘quaeris
472 4400 535 4465 quo
563 4379 678 4444 ordine
707 4382 742 4445 in
771 4381 922 4447 convivio
950 4377 1156 4445 iacuerimus'
1184 4380 1228 4445 ad
1254 4401 1283 4467 q.
1307 4380 1328 4444 l.
1351 4381 1393 4446 cf.

172 4483 244 4549 Val.
260 4485 348 4550 Max.
363 4485 405 4568 H,
424 4485 452 4568 l,
468 4485 489 4549 9
514 4486 572 4572 ‘Ne
590 4487 728 4551 senioris
744 4485 922 4550 adventum
943 4484 1109 4550 discubitu
1124 4486 1393 4571 praecurrerent,

173 4590 229 4656 ubi
263 4590 461 4677 ‘discubitus’
493 4592 535 4657 de
567 4602 642 4658 actu
675 4591 906 4658 discumbendi
936 4592 1148 4678 singulariter
1180 4603 1228 4658 est
1260 4593 1392 4659 dictum.
