3326 5390
690 387 904 448 ...11-

189 558 277 646 apud
301 561 441 626 eundem
468 557 520 644 15,
545 560 608 625 237
632 562 755 648 ‘Pelagi
779 564 970 629 revolubilis
997 564 1103 648 unda'‚
1130 572 1290 650 postremo
1318 558 1405 645 apud

188 663 310 734 Auson.
332 666 391 732 ecl.
412 668 452 732 de
473 668 630 733 nominib.
646 679 725 755 sept.
742 669 823 736 dier.
843 672 899 737 12:
923 671 1123 758 ‘revolubilis
1145 668 1268 736 orbita’.
1291 668 1404 732 Hertz·

188 773 304 859 bergio
338 784 447 840 autem
481 773 733 840 adsentiendum
769 799 838 843 esse
870 799 1001 861 censeo,
1032 777 1118 864 quod
1150 774 1307 842 Ovidium
1339 793 1405 835 sae-

186 883 321 966 pissime
349 883 499 968 accipere
526 880 676 946 videmus
704 903 789 946 nova
815 883 977 969 Propertii
1005 884 1104 967 dicta,
1136 882 1254 948 Silium
1282 879 1404 944 imitari

188 986 345 1053 Ovidium
375 988 455 1053 locis
483 989 667 1073 conparatis
696 988 815 1072 elucet,
843 988 1025 1055 Ausonium
1055 991 1197 1075 denique
1227 990 1263 1052 in
1293 1006 1404 1052 eorum

188 1113 323 1158 numero
346 1095 475 1180 saepius
499 1091 788 1178 deprehendimus,
812 1115 890 1181 quos
915 1119 932 1160 e
955 1097 1123 1183 Propertio
1147 1093 1305 1160 nonnulla
1327 1093 1404 1158 hau-

187 1200 280 1283 sisse,
302 1198 482 1265 verisimile
507 1208 563 1264 est
1418 1203 1419 1208 ’

187 1369 378 1460 ‘ardidus',
403 1375 488 1461 quod
511 1378 547 1441 in
571 1376 738 1442 codicibus
760 1378 830 1442 FN
853 1378 992 1465 legitur:

292 1518 339 1602 H,
362 1518 397 1603 3,
419 1519 462 1584 24
485 1518 670 1606 ‘Ardidus
693 1530 845 1608 argutum
868 1523 1009 1586 sternuit
1031 1542 1126 1587 omen
1148 1518 1266 1584 Amor’.

187 1659 260 1725 DV
289 1661 413 1728 habent
441 1661 584 1748 ‘aridus’3
616 1662 750 1749 ‘aureus’
781 1665 846 1728 iam
877 1669 1072 1749 acceperant
1100 1658 1140 1725 ab
1171 1660 1308 1726 Heinsio
1336 1660 1404 1724 edi-

186 1777 280 1832 tores.
312 1766 377 1834 Sed
410 1792 484 1833 cum
515 1769 700 1834 Macrobius
730 1772 789 1856 (gr.
819 1769 839 1837 l.
871 1769 958 1836 Keil.
990 1767 1029 1868 V,
1061 1766 1141 1850 626,
1175 1765 1227 1848 15)
1261 1765 1402 1831 eundem

184 1898 315 1941 versum
338 1875 488 1941 laudaret
510 1876 601 1941 hisce
623 1876 751 1941 verbis:
844 1887 846 1894 ’

367 2015 579 2104 ‘Candidus
602 2028 790 2103 augustae
813 2019 953 2084 sternuit
975 2038 1071 2082 omen
1094 2012 1212 2095 Amor',

183 2156 415 2222 Lachmannus
446 2157 507 2222 hac
537 2159 699 2243 scriptura
729 2157 928 2244 conprobata
960 2156 1136 2245 ‘candidus’
1168 2156 1307 2242 recepit,
1340 2176 1402 2240 ⁴au-

183 2259 306 2347 gustae'
326 2262 459 2348 quidem
481 2262 651 2349 praetulit,
673 2264 732 2329 sed
754 2267 903 2351 recipere
927 2286 993 2330 non
1016 2287 1113 2329 ausus
1136 2272 1196 2346 est,
1222 2285 1305 2349 ‘oum
1324 2259 1401 2326 alte·

183 2391 256 2432 rum
279 2390 344 2433 non
369 2371 525 2455 ineptam
542 2371 846 2458 interpretationem
873 2370 1041 2436 admittat’.
1080 2369 1162 2436 Cum
1188 2368 1400 2436 Lachmannc

183 2475 334 2541 fecerunt
355 2486 467 2562 postea
490 2500 601 2544 omnes
625 2480 765 2544 editores
788 2489 919 2567 praeter
942 2477 1206 2563 Hertabergium.
1239 2474 1399 2541 Macrobii

183 2591 292 2646 autem
315 2584 506 2646 memoriam
530 2627 572 2637 -
595 2607 696 2650 unum
719 2587 791 2650 sine
815 2584 915 2650 dubio
938 2584 1035 2649 huius
1057 2584 1121 2650 loci
1149 2582 1250 2648 adlati
1277 2582 1400 2647 fontem

185 2723 224 2736 —-
248 2709 314 2752 non
338 2689 422 2752 tanti
446 2687 635 2754 faciendum
658 2713 740 2774 esse,
769 2691 1006 2777 Hertzbergius
1036 2701 1068 2757 et
1096 2713 1170 2755 cum
1198 2709 1235 2753 eo
1266 2684 1400 2751 Carolus

182 2795 301 2881 Peiper
331 2794 492 2879 (Quaestt.
522 2796 638 2884 Propp.
666 2821 774 2884 progr.
802 2821 914 2884 gymn.
947 2797 1146 2883 Creuaburg.
1181 2795 1278 2876 1879)
1309 2801 1399 2858 recte

183 2925 225 2966 ex
257 2899 314 2966 illo
346 2903 522 2986 ‘augustae’
554 2904 717 2970 indicasse
751 2905 833 2969 mihi
867 2903 1032 2970 videntur.
1077 2902 1173 2985 Quod
1205 2900 1399 2989 praetulisse

181 3007 443 3095 Lachmannum‚
468 3009 566 3074 valde
589 3011 697 3093 miror,
722 3033 795 3075 cum
822 3019 932 3074 tamen
961 3009 1111 3096 ‘argutus’
1140 3017 1172 3075 et
1199 3008 1398 3074 adiectin

181 3115 223 3180 sit
253 3113 422 3201 Propertio
452 3117 685 3182 amatissimum
716 3115 805 3200 (vide
836 3116 923 3180 infra
951 3138 981 3203 p.
1011 3116 1054 3184 59
1084 3119 1141 3204 sq.)
1173 3125 1206 3181 et
1236 3115 1297 3180 hoo
1328 3113 1398 3179 loco

181 3243 312 3286 sensum
343 3220 500 3308 praebeat
530 3244 597 3290 non
630 3223 724 3288 modo
759 3246 824 3289 non
859 3226 1018 3311 ineptum,
1056 3225 1153 3288 immo
1188 3221 1399 3308 aptissimum.

180 3325 337 3394 Attamen
359 3327 491 3413 Peiperi
515 3338 696 3393 commento
720 3327 861 3415 ‘artibus’
883 3351 925 3394 ex
945 3329 1049 3395 altera
1068 3328 1218 3394 codicum
1237 3328 1399 3413 scriptura

182 3433 309 3521 ‘aridus'
335 3433 499 3499 elaborato
523 3444 555 3500 et
578 3436 808 3521 coniungendo
832 3457 907 3500 eum
931 3433 1099 3521 ‘argutum’
1122 3435 1207 3500 male
1230 3434 1396 3500 vindicato

181 3563 375 3628 quemquam
398 3541 556 3608 adsentiri
579 3545 638 3608 vix
665 3543 805 3610 credam.
842 3542 909 3609 Sed
937 3566 1052 3608 sanum
1082 3565 1151 3608 esse
1180 3541 1279 3628 plane
1308 3539 1397 3605 hune

180 3650 287 3716 locum
310 3651 489 3717 contendo:
512 3651 659 3717 Primum
683 3655 771 3718 enim
795 3655 830 3718 in
854 3651 1031 3741 ‘candidus'
1055 3648 1212 3738 quomodo
1236 3644 1396 3734 ‘ar-didus,

179 3777 244 3821 vox
266 3755 443 3842 singularis
462 3779 501 3821 ao
519 3779 611 3842 nova,
633 3759 669 3822 in
688 3761 893 3844 grammatici
909 3759 1066 3826 memoria
1081 3764 1204 3821 mutata
1219 3755 1273 3836 sit,
1296 3751 1394 3818 facile

181 3863 394 3949 intellegitur,
418 3862 590 3950 evulgari
618 3871 726 3929 autem
754 3863 931 3950 ‘candidus’
960 3885 1018 3929 cur
1045 3865 1192 3949 ignotum
1215 3860 1313 3948 plane
1338 3881 1395 3943 ‘ar-

179 3970 284 4036 didus’
317 3971 578 4057 apographarum
610 3970 703 4058 lapsu
733 3971 806 4036 fieri
837 3971 994 4058 potuerit,
1026 3992 1093 4036 non
1126 3968 1223 4033 video
1256 3989 1394 4032 causam.

179 4077 312 4142 Deinde
335 4077 528 4143 attributum
551 4076 701 4165 ‘ardidus'
725 4078 856 4143 omnino
879 4079 1037 4165 optimum
1061 4086 1093 4141 et
1115 4075 1317 4162 aptissimum
1345 4082 1394 4138 est

178 4183 220 4248 de
243 4183 364 4249 Amore
387 4183 463 4267 deo,
488 4185 580 4250 cuius
602 4184 689 4250 faeta
711 4185 836 4272 quoties
859 4193 892 4249 et
916 4207 1012 4271 quam
1034 4183 1135 4248 variis
1155 4181 1252 4247 dictis
1271 4179 1393 4245 diserte

141 4357 143 4362 ,
177 4291 366 4376 Propertius
390 4312 464 4354 cum
487 4292 559 4376 igni
584 4300 616 4355 et
638 4291 792 4356 incendio
820 4301 987 4378 conparet,
1017 4291 1206 4377 saepissime
1234 4288 1321 4354 infra
1346 4289 1393 4353 vi-

139 4457 140 4462 ,
177 4397 345 4480 dabimus3
367 4397 410 4462 of.
433 4396 528 4462 modo
550 4419 624 4484 pag.
646 4397 690 4462 34
713 4420 772 4484 sq.‚
796 4397 835 4462 71
860 4421 905 4485 sq.

281 4501 367 4566 ‘Tum
390 4500 476 4588 quod
498 4502 654 4568 Teufelus
676 4501 711 4590 (l.
727 4502 747 4567 l.
763 4525 837 4590 pag.
851 4502 894 4569 55
910 4503 969 4593 sq.)
991 4514 1025 4570 ct
1046 4512 1117 4591 post
1140 4525 1215 4570 eum
1234 4504 1391 4590 Peiperus

177 4607 239 4676 hoc
261 4610 331 4675 loco
346 4606 459 4674 Amori
483 4609 567 4676 illud
584 4609 750 4698 epitheton
773 4613 909 4680 minime
925 4613 1101 4678 convenire
1125 4613 1225 4698 aiunt,
1240 4649 1284 4660 -
1300 4612 1391 4700 quid-
