3326 5390
824 403 1037 470 ,68-

450 580 513 667 ,Me
536 579 664 646 mediae
687 589 832 665 noctes,
851 603 908 646 me
931 579 1062 646 sidera
1083 602 1186 668 prone
1209 582 1403 646 iacentem

500 686 702 774 Frigidaque
725 688 794 752 Eoo
816 711 874 754 me
898 687 1004 754 dolet
1026 710 1119 753 aura
1140 686 1235 774 gelu'

321 818 440 906 ,dolere
464 817 614 905 aliquem'
638 821 826 906 saepissime
849 820 982 906 quidem
1004 821 1144 906 positum
1164 818 1314 884 videmus
1336 839 1394 905 pro
1418 817 1538 905 ,deplo

320 949 393 991 rare
417 923 529 1013 alqm',
552 947 610 1013 pro
626 925 779 1012 ,dolorem
803 925 902 991 elicui
925 925 1087 1012 ingerere'
1111 948 1286 1014 nusquam:
1309 947 1394 991 unus
1408 934 1539 990 tantum

320 1034 412 1119 Prop.
441 1032 531 1098 locus
560 1032 798 1099 dubitationem
829 1035 931 1098 movit
962 1032 1210 1120 interpretibus,
1238 1055 1282 1097 an
1313 1032 1449 1098 fortasse
1480 1031 1539 1096 hic

320 1138 448 1227 ,dolere’
472 1161 530 1226 pro
554 1139 693 1226 ,afficere
717 1136 836 1204 dolore’
859 1139 985 1204 dietum
1008 1148 1101 1224 esset,
1124 1148 1157 1205 et
1179 1161 1219 1204 ea
1240 1160 1354 1204 versus
1376 1139 1539 1224 interpre

319 1247 399 1311 tatio
422 1247 457 1310 in
480 1245 590 1310 lexica
612 1247 759 1331 inrepsit.
782 1244 919 1328 Tamen,
942 1254 1068 1311 tantum
1091 1267 1204 1310 ausum
1228 1267 1297 1310 esse
1319 1245 1538 1331 Propertium,

319 1375 361 1418 ne
378 1351 557 1435 credamus,
579 1354 771 1439 praesertim
791 1374 865 1417 eum
881 1353 966 1418 iusta
987 1375 1100 1418 versus
1115 1352 1341 1439 interpretatio
1363 1349 1538 1437 vulgarem

321 1461 452 1525 evincat
473 1457 569 1524 verbi
591 1459 766 1523 notionem.
787 1458 872 1523 Nam
895 1459 1070 1545 insequens
1091 1479 1204 1523 vorsus

462 1582 527 1668 ,Tu
549 1579 631 1646 sola
652 1578 811 1645 humanos
833 1602 1026 1668 nunquam
1047 1583 1232 1647 miserate
1254 1579 1389 1648 dolores’

321 1716 520 1781 contrarium
551 1715 658 1780 inesse
695 1714 731 1778 in
763 1711 1034 1778 antecedentibus
1069 1712 1219 1779 versibus
1255 1712 1390 1779 indicat.
1426 1711 1538 1800 Atque

320 1825 406 1887 inest
428 1820 586 1908 profecto,
613 1817 786 1885 dummodo
809 1817 1000 1904 intellegas:
1022 1826 1165 1903 noctem,
1188 1818 1309 1902 sidera,
1332 1841 1445 1885 auram
1466 1819 1539 1884 Eoo

319 1928 398 2016 gelu
424 1926 580 2014 frigidam
606 1927 740 1991 miseret
768 1927 846 2009 mei,
876 1933 912 1990 tu
942 1923 1021 2009 sola,
1051 1935 1156 2012 porta,
1182 1925 1441 1991 misericordiam
1469 1946 1539 1990 non

320 2035 431 2100 sentis.
454 2032 551 2115 Quod
573 2039 682 2097 autem
703 2029 845 2113 Hertzb,
869 2031 925 2116 qui
953 2033 1023 2117 ipse
1047 2052 1118 2096 eam
1141 2032 1443 2117 interpretationem
1465 2033 1540 2098 vin·

321 2140 421 2223 dicat,
453 2137 594 2226 ,Mirari’,
624 2139 682 2221 ait,
716 2136 824 2224 subit,
854 2136 943 2202 unde
973 2145 1097 2204 amator
1126 2138 1328 2223 cognoverit,
1350 2147 1480 2204 noctem
1502 2148 1540 2204 et

321 2247 430 2313 sidera
457 2255 490 2312 et
516 2267 629 2311 euram
656 2243 812 2330 frigidam
839 2266 931 2310 suam
957 2247 1064 2310 vicem
1092 2241 1211 2310 dolere’
1240 2253 1273 2311 et
1302 2243 1345 2309 ad
1372 2246 1539 2312 insaniam

321 2351 518 2441 queribundi
548 2351 690 2417 hominis
721 2349 885 2438 confugit:
916 2349 1029 2416 eodem
1058 2350 1113 2417 vel
1144 2352 1266 2416 maiore
1297 2352 1368 2417 iure
1400 2353 1540 2416 miratus

321 2470 405 2526 esset
426 2461 479 2525 vir
501 2457 614 2524 doetus
630 2456 671 2523 de
695 2467 837 2523 amatore
857 2466 983 2544 portam
1006 2457 1202 2545 adloquente
1222 2467 1263 2542 et,
1285 2466 1322 2523 ut
1336 2456 1400 2523 sibi
1418 2457 1539 2542 faveat,

319 2575 475 2654 precante
497 2564 552 2631 vel
574 2565 682 2652 potius
705 2567 836 2631 omnino
859 2565 901 2630 de
916 2565 1100 2651 Propertio,
1122 2567 1178 2652 qui
1201 2573 1326 2651 portam
1349 2564 1540 2652 loquentem

319 2672 462 2738 finxerit
485 2672 557 2738 Hac
580 2673 706 2737 ratione
729 2672 867 2737 scrutari
891 2670 933 2737 de
955 2680 1051 2758 poeta
1074 2680 1123 2737 est
1145 2670 1336 2757 absurdum,
1360 2693 1404 2738 ne
1427 2670 1540 2737 dicam

320 2779 517 2845 ridiculum!

426 2886 686 2952 Transitivorum
709 2906 797 2951 more
822 2907 840 2950 e
863 2884 994 2972 vulgari
1017 2906 1078 2950 usu
1100 2883 1277 2950 adhibetur
1297 2883 1451 2951 verbum:

321 3021 472 3111 deflere,
502 3047 565 3092 nee
595 3025 783 3110 defuerunt,
813 3026 869 3112 qui
902 3024 991 3090 idem
1022 3025 1229 3091 intransitive
1261 3026 1410 3114 usurpari
1442 3045 1537 3111 posse

321 3134 452 3199 omnino
475 3133 680 3219 negaverint
702 3131 813 3213 Quare
836 3152 968 3197 versum

407 3267 437 3351 I,
463 3266 516 3349 16,
542 3266 582 3331 13
607 3265 684 3352 ,Has
707 3267 793 3331 inter
815 3265 972 3352 gravibus
995 3287 1093 3355 cogor
1115 3267 1267 3334 deflere
1289 3263 1439 3354 querelis’

319 3397 516 3463 coniecturis
538 3403 755 3479 vexaverunt,
783 3415 920 3482 quarum
946 3395 1152 3463 Lachmanni
1181 3397 1257 3484 ,Has
1280 3398 1382 3484 igitur
1405 3392 1477 3483 eqs’
1503 3405 1539 3461 et

318 3503 439 3570 Koehii
463 3501 579 3590 (symb.
597 3499 677 3589 phil.
691 3501 795 3567 Bonn.
814 3502 835 3566 i.
850 3500 882 3567 b.
896 3501 950 3567 Fr.
973 3502 1130 3570 Bitschel.
1149 3525 1180 3591 p.
1195 3503 1273 3586 322)
1296 3503 1373 3590 ,Has
1395 3500 1536 3588 semper'

318 3611 459 3698 optimae
486 3617 570 3676 sunt
599 3606 665 3674 Sed
691 3605 832 3693 ,deflere’
863 3607 1008 3676 absolute
1036 3608 1104 3676 diei
1130 3631 1223 3698 posse
1247 3620 1280 3677 et
1301 3610 1426 3676 dictum
1449 3629 1537 3691 esse,

318 3719 387 3804 ipse
409 3713 543 3781 Laehm.
566 3712 716 3780 defendit

376 3847 491 3915 Manil.
513 3847 578 3932 IV,
594 3847 657 3915 748
682 3847 734 3934 ,Et
756 3849 860 3915 minui
875 3847 1019 3915 deflevit
1041 3870 1122 3915 onus
1145 3849 1337 3938 dorsumque
1360 3849 1472 3916 levari’

318 3993 350 4049 et
380 3980 478 4069 Apul.
512 3989 585 4046 met
608 3981 644 4066 4,
676 3979 718 4046 35
749 3981 804 4047 fin.
837 3980 996 4070 ,Psychen
1028 3990 1203 4069 paventem
1235 4003 1274 4048 ac
1305 3982 1466 4069 trepidam
1499 3993 1535 4048 et

317 4090 352 4154 in
375 4090 444 4175 ipso
467 4085 591 4174 scopuli
615 4088 740 4153 vertice
763 4086 958 4171 deflentem',
982 4087 1099 4177 quibus
1123 4088 1200 4154 addi
1223 4097 1328 4175 potest
1341 4087 1456 4154 lustin.
1481 4090 1532 4174 18,

315 4196 346 4278 4,
371 4194 421 4261 13.
446 4193 534 4275 Quos
557 4191 690 4280 quidem
713 4201 811 4259 testes
833 4194 871 4259 L.
894 4193 1074 4260 Muellerus
1096 4203 1132 4259 ut
1148 4194 1366 4280 inelegantes,
1388 4217 1450 4260 nee
1473 4197 1533 4259 mi-

318 4323 379 4367 nus
402 4321 469 4384 eos,
492 4318 570 4386 quos
593 4300 662 4386 ipse
686 4297 822 4383 addidit,
838 4297 957 4365 Avian.
983 4301 1009 4384 1,
1035 4303 1050 4363 1
1073 4310 1105 4366 et
1124 4301 1286 4384 carminis,
1309 4301 1395 4388 quod
1418 4302 1533 4367 inseri-

316 4407 405 4473 bitur
422 4405 555 4493 ,Orestis
570 4402 756 4490 tragoedie’,
772 4413 937 4469 auctorem
949 4405 1176 4488 (Dracontium
1192 4405 1325 4473 fortasse
1342 4406 1384 4472 cf.
1394 4407 1530 4474 Teuffel.

317 4523 394 4580 rom.
420 4509 618 4579 Lit-(iesch.
645 4509 723 4595 475,
753 4509 786 4598 7)
812 4533 843 4574 v.
873 4511 938 4577 860
964 4521 1001 4578 ut
1030 4514 1129 4578 nimis
1159 4534 1246 4578 seros
1275 4514 1434 4602 repudiat
1464 4513 1530 4582 Sed

318 4622 449 4687 omnino
471 4620 556 4685 verti
579 4640 670 4705 posse
695 4639 732 4683 eo
755 4617 848 4684 modo
864 4617 960 4684 huius
983 4619 1076 4685 verbi
1100 4622 1272 4705 notionem,
1297 4622 1529 4708 exemplorum,
