3326 5390
652 415 867 481 ..49-

259 635 388 672 .....
412 598 445 653 at
467 589 602 654 Inachio
625 594 734 656 tenuis
756 591 816 656 sub
839 601 970 678 pectore
993 595 1065 678 regi

225 677 228 686 ’
259 695 400 761 Tracta
422 698 543 782 quies,
567 696 645 762 dum
667 707 777 764 mente
800 699 890 782 deos,
914 701 1109 787 inceptaque
1130 710 1240 765 versat

259 803 422 889 Hospitia,
445 851 453 866 .
476 852 484 866 .
506 851 514 867 .
537 803 567 866 .'

151 935 224 1001 silv.
238 936 302 1019 HI,
321 934 354 1020 5,
376 936 415 1001 17
440 957 571 1024 ,opaca
593 935 714 1023 quies’
738 961 797 1025 pro
813 960 922 1026 ,opaca
938 937 1020 1022 nox',
1036 938 1137 1026 Verg.
1152 941 1368 1027 frequentato.

151 1041 320 1109 Audacius
343 1041 485 1130 denique
509 1053 558 1108 est
580 1043 693 1109 addita
715 1045 920 1133 metaphora:
947 1046 1041 1133 Prop.
1063 1045 1120 1130 IV,
1144 1046 1199 1130 20,
1223 1048 1262 1112 2:

260 1177 343 1263 ,Nox
364 1176 446 1243 mihi
469 1179 576 1264 prima
597 1181 706 1245 venit:
729 1181 854 1266 primae
878 1180 953 1245 date
977 1190 1123 1266 tempora
1145 1181 1265 1246 noctis:

310 1284 457 1370 Longius
479 1286 515 1349 in
536 1286 674 1371 primo,
696 1285 804 1368 Luna,
827 1308 953 1371 morare
977 1285 1081 1368 toro’,

151 1415 208 1481 ubi
233 1418 366 1504 primus
387 1414 485 1481 torus'
510 1415 595 1481 nihil
619 1416 710 1483 aliud
733 1428 781 1483 est
804 1419 867 1483 nisi
892 1417 976 1483 illud
1002 1415 1229 1484 antecedentis
1255 1441 1369 1485 versus

153 1526 268 1611 prima
290 1523 373 1590 nox’.

150 1681 277 1754 fastus
306 1707 421 1751 vocem
449 1696 547 1753 antea
577 1687 776 1751 rarissimam
805 1687 841 1751 in
873 1694 1042 1772 poetarum
1073 1709 1166 1751 usum
1198 1685 1368 1751 induxisse

150 1790 283 1857 videtur
314 1792 511 1880 Propertius.
548 1793 646 1877 Nam,
676 1814 773 1879 quem
801 1803 877 1858 ante
910 1815 985 1860 eum
1018 1792 1133 1860 eadem
1163 1815 1244 1859 voce
1275 1816 1369 1858 usum

151 1897 322 1984 indagavi,
345 1899 424 1964 Hor.
447 1922 496 1987 ep.
519 1901 553 1984 2,
576 1900 637 1966 93:

601 2080 792 2118 .......
815 2031 937 2120 Aspice
961 2033 1104 2119 primum

311 2136 464 2219 Quanto
489 2160 573 2202 cum
597 2138 711 2222 fastu,
735 2148 856 2225 quanto
878 2139 1046 2204 molimine
1071 2141 1207 2204 circum·

309 2253 493 2330 spectemus
514 2267 652 2310 vacuam
674 2246 830 2311 Romanis
851 2245 983 2312 vatibus
1005 2245 1143 2328 aedem',
1250 2251 1253 2256 “

151 2376 194 2441 de
224 2377 472 2463 magnificentia
502 2387 534 2442 et
564 2377 757 2462 adrogantia
786 2376 886 2442 simili
916 2400 1014 2443 sensu
1044 2400 1083 2443 ac
1116 2374 1293 2465 superbia,
1326 2399 1368 2441 ne

150 2506 265 2572 prosae
294 2483 427 2571 quidem
457 2483 670 2570 scriptoribus
700 2484 808 2550 alieno
839 2484 928 2567 (Tac.
957 2507 1032 2550 ann.
1060 2485 1093 2567 2,
1117 2484 1152 2566 23
1175 2484 1260 2551 Plin.
1283 2507 1315 2547 n.
1337 2480 1368 2546 h.

151 2591 215 2674 IX,
240 2590 282 2657 35
305 2591 392 2678 (58),
417 2592 505 2674 1193-
519 2591 584 2676 ab),
608 2591 767 2657 adhibuit.
798 2590 876 2656 Alia
898 2613 976 2657 vero
1000 2590 1146 2656 eiusdem
1167 2591 1258 2655 vocis
1281 2590 1369 2653 notio

152 2697 231 2763 inde
254 2721 274 2763 a
295 2698 388 2786 Prop.
413 2700 448 2764 in
471 2720 565 2765 usum
587 2701 693 2783 venit,
717 2700 773 2786 qui
798 2697 914 2784 ‘fastus’
938 2700 1062 2786 primus
1086 2700 1246 2763 intereas
1269 2694 1369 2781 signi-

150 2804 320 2871 ficationes
348 2807 486 2893 recepit,
516 2827 608 2892 quas,
637 2804 679 2870 ad
712 2826 855 2869 amorem
883 2805 1099 2891 pertinentes,
1132 2803 1247 2868 erotici
1276 2824 1367 2890 prae·

150 2913 264 2976 sertim
286 2921 401 2999 poetae
425 2911 648 2978 excoluerunt.
670 2911 850 2998 Usurpavit
873 2913 962 2976 enim
985 2934 1058 2976 eam
1076 2932 1192 2975 vocem
1214 2931 1280 2974 non
1302 2909 1367 2974 nisi

150 3017 194 3082 de
217 3017 347 3104 puellae
369 3018 424 3084 vel
448 3021 578 3084 iuvenis
601 3020 709 3084 animo
737 3040 879 3084 amorem
907 3017 1072 3083 abnuente
1103 3026 1136 3083 et
1164 3015 1368 3104 repudiante.

149 3123 293 3207 Etenim,
316 3125 403 3212 quod
420 3125 575 3191 Horatius
591 3125 677 3190 dixit
692 3148 718 3190 c.
734 3125 797 3208 ΠΙ,
816 3126 869 3208 10,
888 3125 908 3190 9
928 3125 1104 3211 ,Ingratam
1118 3123 1243 3189 Veneri
1259 3123 1369 3209 (pone)

150 3229 355 3318 superbiam’,
386 3231 471 3297 illud
501 3232 589 3297 idern
620 3232 810 3319 Propertius
844 3229 1004 3296 vocabulo
1040 3228 1156 3317 ,fastus’
1191 3229 1369 3316 significat,

149 3361 213 3405 nec
236 3340 395 3405 minorem
418 3338 519 3404 habes
543 3341 756 3426 interpretem
780 3337 949 3423 Ovidium,

149 3471 222 3538 fast.
248 3476 276 3556 l,
298 3474 363 3539 419
387 3474 513 3561 ,Festus
538 3475 624 3539 inest
650 3470 774 3560 pulcris
801 3474 1011 3559 sequiturque
1038 3471 1193 3560 superbia
1214 3468 1368 3536 formam'.

150 3607 201 3671 Eo
222 3607 326 3692 igitur
349 3629 447 3671 sensu
469 3604 560 3670 illam
582 3627 697 3670 vocem
723 3603 860 3693 praebet
886 3603 980 3690 Prop.
1003 3604 1034 3687 I,
1059 3604 1089 3687 1,
1114 3604 1149 3686 33
1174 3601 1206 3686 7,
1230 3600 1287 3684 25;
1312 3601 1368 3685 13,

151 3713 209 3796 27;
235 3714 290 3795 18,
314 3711 349 3796 53
373 3712 436 3795 ΙΠ,
461 3712 493 3796 6,
519 3711 572 3795 13,
600 3711 772 3776 coniunxit
801 3710 865 3794 111,
894 3711 950 3794 20,
980 3711 1021 3776 21
1051 3710 1230 3795 ,adsumere
1249 3705 1367 3790 fastus',

150 3819 207 3904 IV,
232 3820 288 3904 12,
312 3820 354 3885 10
376 3842 501 3906 ,gerere
524 3818 641 3902 fastus',
656 3817 713 3902 IV,
732 3818 786 3901 16,
809 3818 829 3884 3
850 3839 1054 3905 ,conpescere
1073 3814 1192 3882 fastus’.
1215 3814 1368 3904 Sequitur

152 3936 262 3992 autem
285 3925 425 3992 Ovidius
447 3925 501 4008 (ef.
525 3934 656 4013 praeter
679 3925 700 3990 l.
723 3925 744 3990 l.
768 3934 843 3990 met.
864 3924 917 4009 14,
942 3924 1021 4007 1613
1044 3947 1071 3989 a.
1096 3947 1123 3989 a
1146 3924 1179 4007 2,
1203 3922 1283 4004 241,
1307 3919 1369 4003 ab).

151 4031 217 4099 Sed
240 4033 370 4120 longius
393 4035 493 4099 etiam
515 4031 724 4120 progreditur
745 4031 948 4118 Propertium
971 4054 1048 4097 nam
1071 4053 1145 4096 oum

243 4165 300 4251 IV,
326 4166 374 4250 18,
401 4166 438 4230 11
465 4166 591 4252 ,Testia
617 4164 747 4231 Cretaei
770 4165 894 4231 fastus
917 4186 999 4253 quae
1022 4187 1116 4252 passa
1139 4160 1281 4228 iuvenci'

152 4295 270 4386 ‘fastus'
299 4319 399 4384 prope
430 4295 565 4362 accedat
594 4296 637 4361 ad
666 4295 790 4363 fastidii
818 4298 997 4381 notionem,
1024 4305 1138 4383 aperta
1159 4292 1309 4381 repulsae
1332 4316 1370 4359 ao

152 4403 276 4470 fastidii
300 4404 497 4490 significatio
520 4412 627 4490 patet:

196 4538 253 4623 IV,
276 4537 329 4623 25,
354 4537 395 4604 15
419 4538 571 4626 ,Exclusa
595 4540 693 4624 inque
716 4540 825 4603 vicem
847 4538 968 4602 fastus
991 4537 1115 4625 patiare
1139 4535 1312 4622 superbos’,

197 4645 236 4730 V,
252 4646 283 4730 5,
305 4645 348 4710 42
365 4646 418 4729 (de
434 4645 554 4711 Medea
563 4647 583 4727 z)
607 4646 741 4732 ,Nempe
765 4644 841 4710 tulit
864 4645 998 4727 fastus,
1022 4664 1100 4707 ausa
1123 4664 1239 4728 rogare
1262 4640 1370 4731 prior'3

1212 4771 1226 4819 4
