3326 5390
793 410 1008 473 -46-

223 613 225 618 ·
336 585 393 669 IV,
418 586 471 671 17,
496 586 539 652 10
560 588 631 673 ,His
653 609 782 674 pressus
805 585 937 674 Stygias
959 586 1083 652 voltum
1106 585 1238 652 demisit
1261 588 1296 652 in
1320 585 1434 671 undas,

608 694 706 758 Errat
729 704 762 760 et
785 696 820 759 in
843 703 950 759 vestro
974 695 1137 781 spiritus
1160 693 1217 759 ille
1241 690 1334 776 lacu',

292 846 326 888 se
349 845 414 888 non
437 824 569 911 audere,
594 827 671 913 quia
694 826 853 914 exemplis
869 827 1062 892 confirmare
1085 835 1234 914 nequeat,
1256 826 1378 891 fatetur
1398 826 1508 890 Passe-

290 930 405 1012 ratius,
428 934 575 1016 quamvis
598 931 655 998 illo
679 932 806 1019 ,errare'
830 933 1051 998 commendari
1081 956 1120 998 ea
1148 933 1323 1021 explicatio
1346 933 1506 998 videatur.

290 1035 361 1099 Nec
383 1037 474 1118 mihi,
498 1047 533 1102 ut
556 1039 694 1106 alterum
718 1040 904 1127 exemplum
928 1040 1129 1126 indagarem,
1155 1042 1303 1126 contigit.
1345 1037 1506 1104 Omnibus

291 1144 388 1227 enim,
411 1166 493 1230 quae
517 1145 560 1210 ad
582 1147 670 1212 hune
686 1148 856 1231 accedunt,
879 1146 959 1212 locis
981 1169 1040 1234 pro
1063 1149 1172 1212 animo
1195 1146 1325 1229 dicitur,
1348 1155 1384 1210 ut
1403 1145 1504 1231 Verg.

289 1248 373 1315 Aen.
396 1257 430 1335 4,
454 1254 518 1319 336
542 1254 628 1339 ,dum
651 1257 783 1341 spiritus
806 1255 864 1320 hos
887 1263 981 1340 reget
1003 1252 1110 1319 artus’.
1139 1255 1210 1320 Nec
1233 1256 1342 1318 minus
1365 1252 1505 1319 Ovidius

289 1367 377 1441 met,
400 1357 457 1423 ubi
482 1381 594 1425 errans
616 1383 743 1448 quoque
766 1361 903 1446 fingitur
926 1362 1072 1448 spiritus,
1099 1360 1153 1444 15,
1179 1360 1258 1427 165:

395 1541 931 1578 ...........
978 1505 1065 1561 errat
1088 1505 1121 1561 et
1144 1495 1238 1560 illinc

393 1600 468 1664 Huc
490 1602 596 1684 venit,
618 1600 697 1665 hinc
720 1599 801 1666 illuc
824 1611 857 1666 et
879 1600 1040 1688 quoslibet
1062 1611 1199 1688 occupat
1221 1611 1309 1666 artus

393 1703 534 1792 Spiritus
557 1729 639 1793 eque
663 1706 741 1772 feris
764 1706 908 1773 humana
930 1711 966 1773 in
989 1730 1124 1795 corpora
1145 1707 1279 1791 transit',

289 1837 329 1903 de
353 1839 463 1904 anima
485 1841 662 1925 cogitavit3
685 1850 795 1907 tamen
818 1843 900 1907 trist.
923 1841 986 1923 ΙΠ,
1010 1842 1044 1925 3,
1067 1841 1108 1906 61
1133 1865 1216 1929 sqq.:

393 1972 486 2058 ,Nam
508 1973 536 2037 si
560 1983 662 2038 morte
687 1995 801 2038 carens
823 1994 960 2038 vacuam
984 1972 1072 2037 volat
1096 1972 1179 2040 altus
1203 1977 1238 2040 in
1262 1996 1374 2039 auram

392 2078 575 2166 Spiritus,
600 2090 632 2145 et
654 2079 756 2145 Samii
779 2089 855 2144 sunt
877 2089 948 2145 rata
971 2079 1060 2145 dicta
1082 2083 1182 2165 senis,

391 2185 500 2250 Inter
523 2183 758 2252 Sarmaticas
780 2187 950 2253 Romana
971 2186 1182 2272 vagabitur
1204 2183 1366 2252 umbras'

286 2315 432 2381 confusio
461 2317 543 2383 mibi
574 2318 747 2385 statuenda
774 2342 843 2385 esse
865 2320 998 2385 videtur
1020 2319 1167 2404 vulgaris
1197 2318 1238 2384 de
1261 2316 1398 2398 umbris,
1422 2338 1502 2402 quas

284 2423 400 2489 Manes
430 2434 560 2509 vocant,
598 2427 761 2512 opinionis
794 2449 868 2491 cum
899 2425 1108 2512 Pythagorea
1144 2423 1185 2488 de
1217 2425 1400 2489 animorum
1430 2432 1502 2509 post

285 2540 421 2596 mortem
450 2531 492 2597 ab
522 2533 596 2598 eliis
626 2531 668 2597 ad
698 2531 779 2598 alios
808 2535 1011 2598 transitionis
1040 2532 1190 2597 doctrina
1218 2540 1251 2596 et
1273 2528 1399 2596 redolet
1426 2529 1458 2593 h.
1480 2527 1500 2592 l.

283 2657 348 2702 vox
379 2639 529 2724 ,spiritus’
561 2639 652 2705 illam
684 2641 863 2724 notionem,
894 2662 977 2727 quae
1007 2642 1087 2728 quin
1117 2641 1196 2705 insit
1220 2640 1256 2703 in
1278 2637 1498 2723 Propertiana,

283 2745 418 2810 minime
442 2744 570 2828 dubito3
594 2746 680 2834 quod
702 2769 768 2812 non
791 2746 938 2833 negabis,
962 2746 1134 2812 dummodo
1154 2769 1172 2812 e
1190 2742 1395 2809 Lachmanni
1415 2743 1500 2806 iusta

280 2850 456 2917 verborum
479 2852 690 2920 distinetione
714 2855 941 2941 interpreteris
972 2851 1037 2938 ,ille
1066 2855 1121 2935 (sc.
1144 2850 1333 2932 Marcellus)
1358 2885 1398 2896 -—
1421 2847 1498 2913 fiuc-

280 2957 368 3024 tibus
391 2959 524 3024 obrutus
548 2970 581 3026 et
603 2970 756 3044 mortuus,
780 2971 868 3026 errat
890 2983 950 3046 per
972 2982 1071 3046 aquas
1095 2996 1135 3007 -
1160 2981 1250 3024 nunc
1272 2955 1422 3043 spiritus'.

386 3066 452 3133 Sed
474 3091 564 3133 nunc
586 3067 629 3134 ad
652 3067 718 3134 alia
740 3077 958 3134 transeamus:

280 3226 372 3278 (tura
395 3232 460 3276 vox
490 3233 564 3277 cum
592 3212 680 3299 apud
707 3234 819 3277 omnes
844 3211 979 3275 eroticos
1002 3219 1113 3297 poetas
1141 3231 1206 3274 non
1230 3229 1304 3273 rara
1330 3215 1400 3271 tum
1422 3203 1497 3270 Pro-

279 3317 384 3402 pertio
408 3319 618 3401 amatissima,
640 3319 732 3383 vario
756 3340 853 3383 sensu
876 3317 917 3382 ab
942 3339 979 3383 eo
1002 3316 1178 3382 adhibetur
1206 3324 1239 3381 et
1265 3335 1323 3403 pro
1351 3310 1499 3398 qualibet

279 3425 381 3488 animi
405 3424 628 3490 sollicitudine
651 3434 707 3490 aut
730 3424 837 3490 studio
860 3425 902 3509 (I,
932 3425 965 3508 6,
996 3424 1057 3506 22,
1091 3423 1143 3506 11,
1173 3422 1233 3506 22,
1267 3422 1320 3503 18,
1351 3419 1409 3500 23,
1441 3418 1496 3503 20,

277 3528 339 3613 35,
362 3531 409 3613 Π,
435 3531 465 3616 1,
490 3532 549 3616 26,
573 3532 637 3616 ΠΙ,
661 3534 693 3614 3,
715 3531 757 3615 4,
782 3533 814 3614 8,
840 3533 874 3614 2,
899 3531 960 3614 33,
986 3529 1039 3615 10,
1064 3531 1126 3613 21,
1148 3528 1205 3612 IV,
1230 3527 1263 3612 6,
1285 3527 1327 3610 4,
1356 3527 1414 3608 21,
1440 3525 1497 3608 13,

278 3636 355 3720 28¹3
379 3636 418 3721 V,
445 3640 470 3722 1,
497 3638 554 3721 17,
579 3639 608 3722 3,
631 3639 691 3720 41,
718 3638 768 3723 11,
793 3638 851 3720 74,
875 3640 929 3719 94)
955 3647 987 3702 11
1009 3639 1186 3724 praecipue
1209 3635 1251 3700 de
1270 3655 1379 3699 amore
1403 3631 1442 3718 (l,
1469 3633 1496 3715 1,

278 3743 337 3826 36,
361 3742 467 3828 5,10,
493 3743 575 3827 8,1,
602 3745 651 3828 10,
670 3743 726 3826 17,
752 3743 855 3827 11,5,
882 3745 985 3830 13,7,
1009 3743 1065 3829 IV,
1085 3742 1134 3828 16,
1152 3745 1189 3825 4,
1213 3742 1264 3825 21,
1288 3741 1321 3822 3)
1344 3763 1406 3805 nec
1430 3761 1496 3804 non

278 3850 319 3916 de
351 3852 422 3938 ipsa
452 3851 564 3938 puella
595 3861 702 3917 amata
733 3852 808 3936 (III,
841 3853 897 3937 32,
930 3853 967 3934 9,
999 3852 1041 3918 cf.
1071 3852 1134 3936 ΙΠ,
1166 3849 1221 3935 20,
1250 3851 1294 3933 1),
1322 3857 1495 3932 utrumque

276 3966 388 4022 tamen
410 3978 477 4022 non
499 3979 620 4023 novum
642 3957 701 4024 sed
723 3959 1022 4046 frequentissimum
1049 3958 1144 4024 modo
1174 3966 1223 4022 est
1254 3958 1289 4022 in
1318 3955 1495 4041 Propertio.

387 4218 408 4268 1.
427 4231 482 4273 111
500 4215 642 4284 intellego,
666 4230 778 4271 curnam
802 4217 913 4271 Brouih.
937 4217 963 4271 h.
986 4216 1004 4270 l.
1029 4211 1493 4285 ,11111111111111111111111111

277 4305 430 4360 distinxerit
453 4317 545 4358 euram
569 4306 677 4369 ¹ratione
700 4306 814 4373 quadam
836 4305 968 4372 peculiari
990 4305 1023 4361 de
1043 4307 1126 4360 comis
1145 4306 1198 4358 dici
1216 4309 1242 4359 et
1261 4301 1372 4371 capillis'
1390 4303 1494 4370 praedi·

277 4406 349 4447 cans.
369 4395 487 4455 Quanam
504 4392 625 4448 ratione?
648 4396 704 4447 lion
722 4409 771 4448 nos
789 4399 898 4449 movent
916 4395 1039 4464 exempla
1057 4410 1071 4448 a
1090 4395 1219 4449 Gronovio
1237 4395 1309 4447 obss.
1329 4393 1386 4446 erit.
1405 4393 1427 4456 i,
1446 4393 1494 4458 23,

276 4497 336 4550 pag.
357 4485 390 4536 98
411 4486 545 4549 congesta.
566 4483 629 4536 iiam
647 4483 713 4536 nihil
731 4484 852 4550 proiecto
872 4486 1002 4539 interesse
1022 4487 1092 4538 inter
1109 4485 1182 4537 vocis
1196 4481 1494 4551 ί11111“11.1.11111111111

277 4576 303 4626 et
322 4574 340 4638 i,
362 4574 401 4635 11,
422 4573 454 4624 tt
475 4586 548 4639 ,cura
565 4573 651 4636 vitae',
670 4574 687 4636 Ι,
708 4575 732 4636 6,
752 4575 785 4626 22
806 4586 879 4640 ,cura
897 4573 1014 4641 patriae’,
1035 4575 1074 4638 lii,
1094 4576 1117 4635 8,
1139 4575 1171 4626 33
1192 4585 1263 4639 ,eura
1280 4569 1394 4634 theatri',
1413 4583 1493 4624 nemo

277 4675 331 4714 non
349 4660 430 4714 ridet.
450 4660 546 4715 711111
565 4676 596 4714 ea
615 4662 750 4718 distinctio
770 4663 798 4715 11
816 4662 900 4717 larice
918 4663 1038 4730 inrepsit.
