3326 5390
786 389 1004 454 ..23-

252 538 253 542 1
284 565 442 651 quomodo
466 565 553 652 apud
576 565 657 631 alios
680 565 791 631 multis
814 565 894 632 locis
917 566 1059 653 legimus
1083 567 1204 655 ,culta'3
1229 569 1270 634 cf.
1293 569 1388 635 modo
1402 568 1509 654 Verg.

284 695 335 757 ge.
365 670 400 757 4,
430 672 494 738 372
526 674 673 760 ,pinguia
705 672 810 738 culta’.
843 674 952 739 Unus·
968 683 1080 760 postea
1110 675 1239 742 Plinius
1272 675 1398 743 duobus
1425 675 1511 740 locis

213 873 216 878 Ι
285 779 400 844 cadem
424 800 504 844 voce
527 803 622 866 agros
649 781 832 866 significat:
861 805 892 845 n.
915 780 947 845 h.
969 780 1066 864 XXI,
1092 781 1146 864 16,
1170 780 1253 866 (58),
1277 783 1319 849 98
1344 781 1509 868 ,Sequitur

284 887 448 968 (annonis)
473 896 563 952 arata
578 886 730 974 frugibus
746 890 882 953 inimica
903 889 1068 975 vivaxque
1087 889 1273 976 praecipue'
1298 900 1331 956 ct
1346 887 1508 974 singulari

284 1014 361 1057 casu
382 991 495 1075 XVII,
521 993 541 1058 9
562 993 623 1078 (4),
646 994 689 1060 48
712 993 838 1081 ,Omnis
860 1005 970 1062 autem
993 1019 1108 1082 marga
1130 1007 1220 1062 arato
1244 996 1414 1062 inicienda
1442 994 1507 1061 est'.

389 1097 479 1165 Addi
491 1110 623 1185 potest:

283 1256 424 1345 visum,
453 1282 515 1346 quo
546 1260 582 1325 id
609 1261 828 1346 significatur,
858 1261 944 1347 quod
972 1260 1139 1343 videmus,
1167 1260 1298 1346 vulgari
1327 1269 1437 1326 autem
1465 1283 1508 1324 ex

284 1390 345 1434 usu
367 1368 410 1433 de
435 1366 636 1452 imaginibus
659 1367 795 1460 dicitur,
823 1389 906 1454 quae
934 1366 1028 1431 nobis
1052 1369 1244 1432 insomniis
1269 1367 1429 1454 adparent
1453 1366 1509 1431 vel

285 1498 368 1562 quae
390 1475 564 1563 phantasia
586 1473 681 1540 nobis
705 1473 822 1557 obicit,
846 1496 910 1560 qua
932 1476 1064 1538 notione
1088 1497 1108 1538 a
1129 1474 1224 1560 Prop.
1247 1472 1441 1540 adhibetur:

389 1607 418 1691 I,
442 1607 476 1692 3,
499 1608 542 1673 29
567 1607 691 1695 ,Νθᾳιια
713 1606 775 1672 tibi
800 1606 945 1672 insolitos
968 1616 1135 1693 portarent
1157 1609 1228 1672 visa
1250 1605 1400 1689 timores’,

388 1715 453 1796 III,
477 1714 534 1798 21,
558 1714 602 1780 20
624 1712 717 1801 ,Cum
741 1714 823 1778 mihi
848 1713 1001 1778 discussit
1023 1713 1103 1779 talia
1125 1715 1197 1778 visa
1218 1713 1342 1780 matus'.

283 1845 329 1912 At
351 1848 497 1914 deveris
521 1847 734 1933 imaginibus,
759 1850 863 1934 signis
882 1847 1010 1913 scilicet
1033 1857 1066 1913 et
1080 1847 1202 1912 tabulis
1216 1848 1324 1934 pictis,
1347 1867 1507 1932 nusquam

283 1957 447 2042 reperitur
471 1957 535 2020 nisi
559 1955 647 2042 apud
669 1954 769 2041 Prop:

350 2119 353 2128 ¹
443 2089 490 2172 Π,
515 2088 548 2170 6,
572 2085 614 2153 28
639 2087 691 2174 ,Et
713 2089 821 2173 posuit
845 2097 933 2152 casta
955 2090 1065 2174 turpia
1087 2090 1172 2154 visa
1194 2085 1306 2152 domo'.

388 2219 639 2287 Adiectivorum
667 2231 820 2287 neutrum
846 2244 952 2308 genus
982 2245 1040 2308 pro
1067 2221 1268 2288 substantivo
1298 2242 1382 2285 novo
1409 2218 1504 2287 modo

283 2329 451 2395 adhibuit:

283 2496 416 2549 sanum
440 2501 499 2567 pro
522 2481 680 2546 sanitate:

376 2611 434 2697 IV,
458 2612 514 2698 24,
540 2612 579 2678 18
604 2611 821 2700 ,Volneraque
845 2613 887 2678 ad
910 2636 1042 2678 sanum
1066 2635 1154 2677 nunc
1178 2614 1286 2677 coiere
1309 2611 1399 2694 mea',

283 2747 325 2812 ad
357 2748 443 2835 quod
474 2746 712 2812 vindicandum
743 2747 951 2811 Burmannus
989 2755 1078 2812 recte
1111 2745 1249 2812 contulit
1280 2745 1449 2812 usitatiora
1487 2769 1506 2810 e

283 2853 377 2941 Prop.
401 2854 560 2950 exempla,
584 2876 720 2940 quorum
744 2854 946 2939 aptissimum
970 2861 1035 2916 est:

388 2988 445 3072 IV,
467 2990 502 3072 4,
526 2988 567 3054 28
592 2985 763 3074 ,Cornibus
787 2989 822 3051 in
844 2986 980 3072 plenum
1003 2996 1170 3052 menstrua
1192 2987 1271 3054 luna
1293 2985 1398 3052 redit'.

282 3133 463 3225 lugubria
485 3158 544 3223 pro
567 3136 713 3201 vestibus
736 3135 932 3221 lugubribus
954 3138 1111 3222 positum:

388 3269 427 3354 V,
453 3271 507 3353 11,
532 3269 572 3334 97
598 3317 619 3356 ,.
635 3317 641 3333 .
658 3318 665 3334 .
681 3292 701 3333 .:
725 3291 892 3356 nunquam
915 3280 1019 3335 mater
1042 3269 1228 3356 lugubria
1250 3271 1395 3359 sumpsi'3

282 3404 404 3470 deinde
428 3403 469 3469 ab
493 3403 553 3468 Ov.
575 3413 651 3470 met.
679 3404 731 3487 11,
756 3403 833 3485 669,
856 3404 938 3469 trist
962 3403 1017 3486 IV,
1034 3403 1067 3487 2,
1092 3403 1133 3470 73
1150 3413 1184 3470 et
1206 3428 1226 3469 a
1240 3402 1315 3472 Sen.
1340 3404 1382 3470 ad
1404 3405 1501 3471 Helv.

284 3512 337 3596 16,
361 3511 460 3575 Herc.
483 3511 546 3577 fur.
570 3509 634 3575 626
658 3509 843 3576 adhibetur.

387 3619 513 3684 Eodem
536 3619 630 3682 modo
654 3617 736 3684 mihi
759 3618 891 3716 videtur
913 3639 972 3705 pro
995 3617 1197 3684 substantivo
1219 3621 1359 3706 positum
1382 3641 1452 3685 esse

280 3766 477 3838 aeternum
500 3791 558 3856 pro
581 3791 634 3834 res
658 3776 792 3832 aeterna
814 3767 878 3850 ΠΙ,
902 3765 957 3850 26,
984 3767 1042 3831 11:

340 3905 419 3992 ,Nec
442 3904 564 3970 forma
586 3913 787 3969 aeternum
811 3913 867 3967 aut
890 3904 1072 3990 cuiquamst
1095 3901 1225 3972 fortuna
1246 3903 1432 3994 perennis:’

281 4061 311 4126 q.
334 4062 360 4104 e.
384 4046 554 4104 aeternum
576 4035 711 4120 bonum,
734 4043 770 4101 ut
793 4045 962 4101 aeternum
985 4037 1125 4101 malum:

355 4169 411 4250 IV,
437 4169 468 4253 7,
493 4168 535 4236 38
560 4167 617 4256 ,Sit
641 4189 733 4234 socer
755 4177 956 4236 aeternum
979 4191 1042 4234 nec
1064 4172 1136 4235 sine
1160 4181 1263 4238 matre
1287 4171 1417 4258 domus',

281 4324 343 4390 quo
359 4301 429 4367 loco
443 4300 644 4368 Passeratius
667 4324 725 4388 pro
741 4301 898 4369 adverbio
917 4305 1045 4390 accepit
1063 4305 1250 4390 ‘aeternum'
1267 4305 1384 4371 collato
1399 4307 1499 4394 Verg.

280 4409 363 4475 Aen.
387 4410 419 4493 6,
449 4409 511 4474 617
540 4407 642 4494 ,sedet
669 4418 903 4495 aeternumque
930 4407 1077 4475 sedebit’.
1103 4408 1238 4478 Addere
1265 4423 1392 4500 poterat
1414 4413 1498 4480 Aen.

281 4516 316 4600 6,
343 4515 420 4599 400,
448 4537 498 4602 ge.
528 4515 561 4602 2,
590 4515 665 4584 400.
697 4513 811 4582 Altero
838 4525 949 4582 tamen
975 4516 1046 4582 loco
1073 4517 1312 4588 substantivum
1341 4524 1499 4608 agnoscit,

280 4645 343 4692 nec
366 4623 441 4708 scio,
465 4643 529 4710 qua
552 4622 593 4692 dc
617 4643 715 4690 causa
737 4621 839 4692 altero
863 4621 952 4690 idem
975 4627 1156 4712 negaverit.
