3326 5390
613 421 830 486 ..57-

190 600 218 682 I,
242 597 277 684 5,
302 599 342 664 15
366 600 418 686 ,Et
440 599 630 666 tremulus
653 601 784 666 maestis
806 601 929 664 orietur
952 597 1083 664 fletibus
1106 596 1260 679 horror’,

117 729 160 795 ad
183 752 212 817 q.
235 729 255 794 l.
278 730 318 796 cf.
341 731 440 818 Verg.
462 729 546 797 Aen.
569 732 603 816 3,
626 731 668 797 29
691 753 737 818 sq.
869 751 878 775 ε’

352 903 665 943 ...........
687 853 772 920 Mihi
795 854 936 942 frigidus
958 851 1072 918 horror

350 963 497 1029 membra
518 964 623 1051 quatit
645 1011 653 1026 .
676 961 691 1026 .'

183 1088 223 1172 V,
247 1088 275 1173 7,
300 1088 340 1154 73
365 1089 494 1176 ,Nutrix
518 1090 553 1154 in
576 1087 756 1154 tremulis
779 1087 902 1175 nequid
925 1086 1091 1152 desideret
1113 1083 1241 1151 annis'.

116 1221 223 1305 Unus,
246 1231 343 1310 atque
366 1225 402 1287 in
424 1225 575 1289 versione
598 1221 731 1310 quidem
753 1219 848 1287 Arati
871 1221 926 1305 68,
952 1219 1068 1287 Cicero
1092 1219 1207 1286 eadem
1229 1229 1331 1284 muta-

115 1331 206 1395 tione
229 1352 305 1394 usus
329 1338 394 1394 est:

275 1462 368 1550 ,Tum
390 1461 493 1528 fixum
516 1461 655 1528 tremulo
678 1464 843 1550 quatietur
865 1462 988 1549 frigore
1012 1459 1145 1548 corpus'.

116 1608 282 1697 pallidus
305 1612 346 1678 de
369 1623 485 1697 morte,
509 1635 592 1700 quae
616 1611 774 1700 pallorem
797 1615 926 1698 iniciat,
950 1615 1015 1678 iam
1037 1612 1115 1676 Hor.
1138 1634 1165 1676 c.
1187 1612 1270 1695 I,4,
1291 1612 1331 1676 13

116 1729 223 1804 antea,
245 1728 357 1806 postea
379 1718 453 1785 Son.
468 1720 567 1785 Herc
589 1717 691 1785 s555
714 1719 944 1805 adhibuerunt,
969 1719 1125 1785 audacius
1140 1741 1219 1784 vero
1237 1717 1330 1804 Prop.

196 1851 236 1936 V,
260 1851 288 1935 7,
311 1852 353 1918 36
379 1851 481 1939 ,Sensi
506 1873 575 1938 ego,
598 1875 673 1918 cum
696 1851 857 1919 insidiis
879 1852 1031 1941 pallida
1053 1853 1147 1917 vina
1168 1849 1256 1933 bibi',

114 1988 195 2051 vina
221 2007 264 2051 sc.
286 2007 415 2052 veneno
437 1986 549 2069 mixta,
573 2008 591 2051 e
614 1985 732 2073 quibus
754 1985 841 2064 bibit
864 1983 1010 2073 Cynthia
1037 2007 1112 2050 cum
1138 1993 1241 2049 morte
1264 1981 1331 2069 pal-

114 2093 225 2176 lorem,
248 2113 311 2179 quo
334 2093 369 2157 in
392 2102 584 2178 argumento
607 2092 758 2159 Tibullus

150 2224 175 2307 I,
199 2223 228 2308 8,
254 2224 294 2289 17
318 2224 413 2311 ,Num
436 2234 469 2290 te
493 2224 706 2310 carminibus,
729 2249 808 2291 num
831 2236 864 2292 te
886 2224 1132 2314 pallentibus
1155 2221 1288 2288 herbis

378 2331 522 2398 Devovit
543 2334 642 2398 tacito
665 2342 810 2421 tempore
833 2335 938 2399 noctis
960 2330 1076 2398 anus‘?’

112 2463 267 2529 Lucanus
290 2466 409 2530 iterum
431 2464 461 2548 4,
484 2463 550 2530 322
573 2467 712 2551 ,aconita
732 2463 875 2553 pallida’.

110 2608 281 2681 tumidus
309 2635 329 2676 a
350 2612 514 2700 Vergilio,
541 2613 646 2698 Ovid,
671 2613 712 2680 al.
734 2613 776 2680 de
799 2616 907 2678 ventis
934 2613 1059 2684 dictum
1082 2614 1249 2700 accipiunt
1270 2632 1328 2698 pro

112 2721 178 2806 ,qui
201 2728 383 2785 tumescere
399 2719 539 2786 faciant!
563 2719 642 2803 Sed,
665 2743 739 2786 cum
761 2718 847 2786 nihil
862 2742 998 2808 usquam
1020 2719 1169 2785 additum
1184 2721 1234 2802 sit,
1258 2740 1329 2805 quo,

110 2825 193 2913 quid
209 2825 260 2890 illi
275 2826 514 2910 tumefecerint,
538 2826 721 2912 intellegas,
740 2826 781 2892 de
796 2829 905 2893 ventis
921 2829 1000 2914 ipsis
1014 2825 1215 2892 tumentibus
1231 2828 1329 2890 inter·

110 2934 236 3020 pretori
259 2931 391 2998 mallem
415 2933 485 2998 coll.
509 2933 609 3020 Verg.
631 2930 715 2998 Aen.
737 2932 766 3017 3,
793 2932 871 3016 1573
896 2932 925 3016 8,
949 2934 1021 3016 671,
1044 2932 1138 3019 Ρ1ορ.
1160 2932 1216 3015 Ν,
1233 2933 1263 3014 8,
1286 2930 1329 2996 35

111 3037 283 3125 ,tumidum
311 3038 418 3103 mare!
448 3036 546 3105 Oerte
574 3047 682 3105 autem
709 3041 815 3106 activo
839 3062 937 3105 sensu
959 3037 1114 3105 translate
1144 3037 1328 3104 adhibitum

112 3153 163 3210 est
185 3166 205 3209 a
226 3144 320 3231 Prop.
342 3145 406 3226 Ill,
432 3145 486 3229 19,
511 3142 552 3210 15

203 3279 277 3365 ,Qui
300 3300 390 3344 nunc
412 3301 447 3343 se
471 3279 506 3343 in
528 3278 715 3345 tumidum
738 3278 890 3345 iactando
911 3281 1005 3344 venit
1026 3277 1226 3361 honorem',

111 3419 133 3481 i.
158 3438 186 3480 e.
209 3416 265 3501 qui
288 3415 445 3480 iactantia
471 3436 530 3479 sua
552 3411 717 3500 Cynthiae
745 3415 871 3501 copiam
898 3413 1035 3501 adeptus
1058 3423 1119 3496 est,
1147 3414 1203 3500 qui
1226 3410 1328 3477 honor

112 3524 213 3588 etiam
236 3523 341 3608 magis
363 3521 540 3608 gloriosum
563 3544 638 3587 eum
661 3520 779 3586 reddit.

111 3670 256 3758 lentus,
285 3671 326 3737 de
351 3673 444 3738 cuius
466 3672 623 3739 adiectivi
646 3695 707 3738 usu
728 3694 805 3737 mox
831 3670 972 3759 amplius
998 3672 1160 3754 dicemus,
1187 3673 1328 3738 notionis

110 3802 236 3866 genere
259 3787 381 3844 mutato
404 3780 545 3845 activam
569 3777 668 3844 habet
690 3780 759 3843 vim
782 3778 870 3866 apud
892 3778 996 3844 solum
1018 3779 1111 3866 Prop.

204 3911 244 3996 V,
270 3911 304 3994 l,
329 3912 393 3977 100
415 3913 468 3998 ,Et
489 3913 638 3979 facerent
659 3913 744 3978 uteri
767 3912 939 3999 pondera
962 3911 1069 3978 lenta
1090 3911 1230 3995 moram',

111 4067 140 4132 q.
165 4069 192 4112 e.
215 4067 299 4133 quae
321 4047 483 4133 gravitate
506 4045 612 4111 lentos
633 4068 672 4111 ac
694 4044 802 4111 tardos
824 4044 969 4111 reddunt
991 4043 1142 4110 ferentes.

217 4150 325 4217 Simili
347 4151 442 4217 modo
465 4150 624 4239 explicari
646 4161 752 4239 potest

111 4297 236 4371 Sidous
258 4324 278 4367 a
291 4303 396 4389 primo
411 4303 505 4391 Prop.
528 4313 718 4390 usurpatum
734 4303 775 4370 de
792 4302 963 4388 sideribus,
985 4324 1077 4390 quae,
1093 4302 1222 4390 quando
1237 4301 1327 4368 clara

112 4417 145 4473 et
167 4407 256 4475 nube
278 4407 385 4475 libera
407 4412 665 4497 conspiciuntur,
692 4411 779 4476 aeris
805 4411 986 4476 siccitatem
1013 4410 1171 4475 indicant
1201 4407 1256 4474 Sic
1283 4408 1325 4476 de

113 4513 237 4582 Canem
260 4514 345 4602 quod
367 4525 486 4581 vocant
508 4517 630 4583 sidere:

260 4648 325 4735 III,
348 4649 404 4734 24,
427 4650 448 4714 4
470 4650 594 4738 Incipit
617 4661 649 4717 et
671 4652 776 4716 sicco
799 4650 928 4716 fervere
951 4659 1039 4718 terra
1061 4647 1173 4733 cane’,
