3326 5390
666 387 881 454 ..53-

168 563 278 631 doceri
307 567 366 650 ait,
395 589 460 632 non
488 567 565 632 satis
592 576 742 632 accurate
770 565 854 630 vidit
880 568 933 630 vir
955 564 1084 630 doctum:
1112 563 1262 650 omnibus
1290 567 1378 632 cuim

167 669 260 755 locis,
288 671 345 737 ubi
373 669 499 760 ,efferri'
523 670 576 736 vel
601 669 720 758 ,elatus’
748 670 888 757 legimus
914 670 976 735 hoc
1003 694 1100 737 sensu
1125 671 1277 757 positum,
1305 693 1378 736 cum

167 778 408 864 significatione
437 781 507 845 eius
534 779 666 844 affectus
689 815 733 826 -
755 778 897 844 ablativo
925 801 1002 844 casu
1025 825 1065 833 -
1089 780 1298 844 coniunctum
1322 787 1378 864 est,

168 907 210 950 ex
233 907 295 974 quo
318 888 420 952 animi
448 895 552 950 motus
578 886 732 950 nascitur.
761 883 827 951 Sed
854 884 909 950 hic
937 885 1038 972 ,elata’
1068 884 1213 951 absolute
1239 887 1378 972 positum

168 1001 217 1056 est
239 991 474 1058 adiectivorum
501 1013 589 1056 more
618 999 651 1056 et
677 1001 794 1078 aequat
820 991 890 1057 fere
918 989 1160 1078 ,magnanima'3
1189 992 1282 1057 cuius
1303 1014 1379 1058 usus

166 1098 226 1162 vix
248 1097 387 1164 alterum
410 1099 560 1165 invenies
583 1097 778 1184 exemplum.

272 1203 398 1271 Eodem
420 1203 514 1270 modo
537 1203 683 1270 absoluta
706 1202 874 1288 leguntur:

167 1349 268 1422 lotus
290 1352 347 1436 IV,
372 1353 400 1437 Ἰ,
426 1355 467 1419 14
491 1352 565 1442 ,Seu
587 1355 733 1441 sequitur
756 1352 889 1436 medias,
911 1353 1046 1419 Maenas
1068 1362 1105 1418 ut
1127 1355 1219 1436 icta,
1241 1351 1336 1434 vias’;

167 1483 377 1571 quamobrem
399 1484 488 1570 ,aota'
513 1496 726 1553 correxerunt
747 1486 832 1551 Itali.
861 1486 943 1572 ,icta'
970 1494 1079 1552 autem
1101 1484 1157 1550 hic
1180 1485 1300 1551 dicitur
1321 1507 1379 1572 pro

167 1590 284 1674 ,furore
301 1593 375 1675 icta,
398 1591 521 1658 insana'
537 1592 599 1677 vel,
624 1595 651 1659 si
674 1594 834 1679 poeticam
850 1591 1015 1680 praeferas
1039 1592 1299 1678 explicationem,
1319 1590 1379 1657 Ov.

147 1720 195 1768 ,a
219 1720 247 1762 a.
271 1699 305 1782 2,
328 1696 394 1764 580

433 1832 574 1918 fertur,
598 1843 634 1898 ut
655 1831 756 1898 Aonii
779 1831 932 1899 cornibus
955 1834 1022 1897 icta
1044 1829 1116 1898 dei’.

168 1997 358 2066 expensus
381 1982 422 2049 de
444 1982 550 2070 gradu
573 1983 695 2050 dicitur
717 1992 786 2050 arte
815 1985 978 2071 conposito
1007 1993 1040 2050 et
1061 1983 1215 2050 muliebri
1238 1983 1380 2069 segnitie

167 2088 272 2155 lento:

293 2223 341 2307 H,
363 2224 399 2308 4,
424 2222 464 2290 16
488 2223 570 2310 ,Ibat
592 2232 625 2289 et
648 2223 953 2311 expenso'planta
974 2233 1098 2289 morata
1121 2222 1244 2310 gradu’.

166 2354 263 2438 Quod
284 2355 417 2443 quidem
441 2378 506 2421 non
530 2358 699 2441 conparari
722 2363 840 2442 potest,
864 2377 1025 2442 ,suspenso
1048 2353 1161 2441 gradu’
1185 2353 1285 2420 habet
1304 2355 1378 2421 Ter.

165 2461 391 2546 Pheraeos,
415 2461 622 2548 ,suspendere
646 2459 792 2547 gradum'
816 2459 891 2526 Sen.
913 2471 978 2525 nat.
1001 2470 1073 2547 qstt.
1097 2461 1126 2546 7,
1149 2461 1200 2544 31,
1223 2459 1293 2546 alii,
1317 2483 1380 2547 ,cx-

165 2592 285 2657 pensus
307 2568 436 2656 gradua’
464 2577 595 2655 praeter
617 2569 710 2655 Prop.
734 2589 839 2633 nemo.
870 2567 1075 2655 Quapropter
1102 2591 1176 2633 oum
1198 2568 1378 2634 Passeratio

166 2676 223 2741 alii
243 2674 413 2762 ,extensus'
431 2677 595 2761 corrigere
615 2684 862 2762 proposuerunt,
883 2675 968 2762 quod
984 2697 1058 2740 cum
1074 2674 1161 2762 apud
1179 2674 1259 2741 alios
1274 2697 1379 2761 saepe,

164 2793 234 2849 tum
257 2782 345 2870 apud
367 2781 464 2849 Ouid
487 2782 609 2868 legitur
632 2806 659 2847 a.
683 2806 710 2848 a.
733 2783 761 2866 3,
785 2783 850 2848 302

465 2927 624 3002 ,extensos
647 2916 774 3002 fertque
797 2909 937 3002 superba
959 2914 1084 3002 pedes’3

163 3049 223 3116 sed
237 3049 335 3134 longe
358 3048 424 3113 alia
440 3059 488 3113 est
503 3049 667 3114 sententia
681 3049 885 3136 Propertiani
906 3048 999 3132 dicti,
1023 3047 1177 3134 adquam
1194 3047 1234 3111 cf.
1249 3046 1378 3113 Petron.

166 3156 228 3221 126
253 3156 407 3242 ,incessus
429 3164 500 3221 tute
523 3157 716 3243 compositus
739 3166 772 3222 et
794 3178 836 3221 ne
855 3157 996 3242 vestigia
1018 3153 1150 3241 quidem
1175 3163 1269 3220 extra
1290 3177 1378 3220 men-

163 3285 272 3328 suram
295 3260 498 3328 aberrantia'.

163 3410 348 3483 astrictus
370 3411 434 3496 ΠΙ,
460 3412 509 3496 17,
535 3413 575 3480 18
599 3459 1099 3500 ......................
1118 3409 1205 3498 quod
1226 3420 1259 3477 te

657 3518 854 3586 Astrictus
876 3519 981 3607 ploret
1003 3541 1101 3606 saepe
1124 3517 1254 3585 dedisse
1275 3517 1376 3606 pater’

163 3652 327 3720 adiective
348 3674 407 3740 pro
430 3651 564 3740 ,parcus'
591 3653 645 3719 vel
668 3651 802 3739 ,avarus'
831 3675 896 3718 non
919 3654 1013 3718 modo
1036 3675 1056 3717 a
1082 3653 1187 3738 primo
1209 3652 1377 3738 Propertio

163 3757 352 3842 adhibetur,
375 3759 433 3826 sed
457 3761 556 3826 etiam
579 3782 598 3825 a
621 3760 686 3825 solo
710 3758 752 3824 de
774 3762 921 3846 personis
944 3758 1089 3824 absolute
1105 3758 1235 3841 dicitur,
1258 3758 1300 3824 de
1323 3759 1376 3824 ho·

162 3867 252 3931 mine
276 3867 311 3931 in
334 3865 515 3954 sumptibus
537 3888 644 3954 parco.
668 3865 787 3949 Ceteri,
811 3868 866 3953 qui
883 3866 1118 3950 adhibuerunt,
1141 3865 1182 3930 de
1206 3864 1376 3931 abstractis

163 3973 251 4039 idem
273 3981 463 4060 posuerunt,
491 3975 537 4038 ita
560 3982 597 4039 ut
618 3973 784 4060 participii
807 3975 858 4037 vie
881 3993 946 4037 non
968 3971 1067 4059 plane
1096 3972 1281 4037 evanuerit:
1303 3968 1376 4036 Val.

162 4081 249 4145 Max.
271 4079 318 4162 H,
344 4078 397 4162 10,
420 4081 440 4146 8
468 4070 602 4166 ,astricti
631 4081 833 4145 continentia
860 4077 983 4162 mores',
1010 4076 1067 4142 ubi
1095 4077 1237 4143 ablativo
1265 4076 1375 4143 addito

161 4187 328 4273 participii
357 4187 408 4250 vis
437 4187 541 4272 magis
570 4185 731 4272 perlucet,
760 4207 823 4251 nec
852 4187 961 4250 minus
990 4195 1101 4272 aperte
1129 4186 1244 4251 lustin.
1270 4183 1327 4268 44,
1355 4186 1376 4251 2

162 4293 304 4380 ,astricta
328 4291 545 4379 parsimonia'
573 4293 725 4359 Proxime
753 4291 795 4358 ad
820 4292 1065 4378 Propertianam
1093 4293 1182 4357 vocis
1210 4293 1375 4358 notionem

161 4398 341 4464 absolutam
357 4399 485 4465 accedit
504 4400 581 4466 Tae.
596 4422 671 4465 ann.
686 4397 759 4484 3,55
779 4400 985 4486 ,Praecipuus
1004 4401 1127 4464 astricti
1144 4401 1241 4464 moris
1264 4408 1376 4464 auctor

160 4503 380 4592 Vespasianus
402 4505 473 4570 t'uit'
497 4505 529 4571 h.
550 4529 577 4572 e.
597 4508 825 4593 parsimoniae.
847 4504 1116 4593 Oonparaverunt
1132 4503 1199 4570 Cio.
1215 4504 1289 4570 fam.
1305 4505 1335 4588 3,
1354 4505 1373 4570 8

162 4613 322 4700 ,astrictus
344 4611 455 4680 homo’.
479 4611 544 4680 Sed
568 4612 615 4678 ibi
638 4613 816 4700 legendum
839 4635 908 4679 esse
930 4633 1018 4679 nunc
1039 4621 1163 4678 constat
1180 4608 1374 4697 restrictus,
