3326 5390
799 413 1017 479 ...52-

302 588 454 680 fugiens
475 592 516 676 V,
538 593 573 677 6,
597 590 653 656 15:

436 724 504 812 ‘Est
525 721 648 790 Phoebi
671 721 828 808 fugiens
850 720 1034 788 Athamana
1056 722 1099 788 ad
1120 720 1217 787 litora
1238 718 1388 807 portus’,

301 861 322 923 i.
346 882 372 924 e.
394 857 553 924 recedens
578 865 634 920 aut
656 855 826 939 secedens,
849 865 885 920 ut
906 854 1006 940 Verg.
1027 852 1111 919 Aen.
1136 855 1170 937 1,
1194 851 1256 918 159
1294 897 1297 904 ι

495 989 563 1075 Est
586 990 621 1054 in
644 1011 773 1055 secessu
795 989 892 1076 longo
914 987 1020 1071 locus;
1044 988 1151 1053 insula
1173 996 1301 1073 portum

496 1093 604 1161 efficit’
628 1116 692 1183 eqs

300 1237 333 1294 et
354 1230 445 1316 quasi
468 1251 504 1294 se
526 1226 734 1309 subtrahens3
759 1225 799 1291 cf.
822 1226 916 1313 Prop.
938 1227 1001 1310 ΙΠ,
1026 1229 1059 1310 1,
1084 1227 1123 1292 lt

503 1360 554 1446 ‘Et
576 1360 670 1446 siqua
692 1360 847 1424 extremis
870 1358 967 1424 tellus
990 1381 1024 1424 se
1048 1358 1209 1424 subtrahit
1231 1358 1313 1425 oria’

301 1493 454 1560 Ceterum
482 1493 523 1558 de
550 1494 633 1558 mira
660 1492 823 1578 Propertii
851 1493 886 1556 in
918 1492 1108 1578 regionibus
1139 1492 1364 1580 similibusque
1393 1492 1514 1558 descri-

299 1601 418 1667 bendis
439 1601 565 1665 ratione
588 1619 645 1664 suo
669 1597 739 1662 loco
761 1595 855 1662 nobis
878 1596 1103 1663 disserendum
1127 1601 1197 1664 erit

299 1758 479 1813 reverens
506 1740 594 1829 apud
616 1762 727 1805 omnes
749 1738 833 1823 fere,
859 1739 915 1826 qui
939 1739 1106 1826 adferunt,
1134 1740 1260 1806 redolet
1284 1740 1514 1828 participium:

301 1873 413 1916 omnes
440 1850 529 1915 enim
557 1869 631 1912 cum
659 1869 748 1930 casu,
773 1843 841 1910 (lic.
867 1867 941 1910 cum
965 1869 1044 1930 acc,
1069 1849 1170 1914 ceteri
1192 1857 1304 1935 postea
1326 1870 1401 1912 cum
1422 1847 1516 1931 geni-

300 1959 368 2022 tivo
390 1954 596 2043 plerumque,
620 1954 833 2038 coniungunt.
860 1952 988 2018 Primus
1010 1953 1103 2041 Prop.
1127 1954 1272 2021 absolute
1297 1953 1385 2019 idem
1407 1953 1516 2039 posuit

299 2064 397 2150 plane
420 2083 478 2149 pro
501 2060 663 2126 adiectivo
687 2057 925 2145 ι0000000010οἝ

359 2197 422 2280 ΙΠ,
446 2194 501 2277 28,
525 2193 567 2261 33
591 2194 670 2280 ‘Nec
692 2203 729 2258 tu
750 2191 936 2279 virginibus
959 2196 1186 2258 reverentia
1208 2194 1348 2259 moveris
1370 2191 1451 2276 ora',

302 2352 408 2417 neque
431 2330 550 2394 iterum
573 2327 697 2391 occurit
719 2327 766 2390 ita
787 2327 927 2412 positum
949 2328 1013 2391 nisi
1035 2326 1120 2392 Plin
1144 2349 1192 2413 ep.
1209 2326 1241 2409 8,
1265 2327 1305 2391 21
1331 2324 1428 2413 ‘Illud
1449 2348 1516 2390 mo

302 2437 436 2519 destina,
461 2444 493 2500 et
515 2433 649 2498 fortasse
672 2433 888 2515 reverentius,
911 2431 970 2498 sed
992 2431 1053 2496 hoc
1076 2430 1256 2518 simplicius
1279 2442 1312 2497 et
1332 2431 1514 2498 amantius!

300 2575 449 2665 pallens
473 2575 662 2642 iamdudum
686 2577 721 2641 in
737 2574 910 2640 adiectivis
933 2573 1080 2640 habitum
1102 2577 1227 2662 primus
1249 2575 1437 2661 Propertius
1460 2574 1516 2640 ab·

299 2686 402 2753 solute
432 2705 490 2772 pro
524 2682 640 2771 ‘durus'
669 2682 820 2748 adhibuit
845 2683 875 2764 I,
906 2683 962 2767 16,
990 2683 1044 2767 29,
1073 2683 1130 2749 ubi
1163 2683 1205 2750 de
1226 2682 1343 2771 ¹puella
1370 2704 1515 2748 amorem

300 2792 465 2858 abnuente
476 2812 484 2853 ι

511 2891 569 2980 ,811
591 2892 670 2960 licet
694 2903 726 2960 et
748 2915 825 2960 saxo
848 2897 1064 2982 patientior
1087 2894 1146 2961 illa
1167 2895 1293 2979 Sicano,

565 2997 614 3066 Sit
636 2999 714 3065 licet
738 3010 771 3066 et
792 3000 879 3066 ferro
901 3000 1036 3066 durior
1060 3011 1093 3068 et
1115 3000 1274 3090 chalybe'.

300 3135 353 3202 Ex
380 3132 532 3220 analogia
557 3134 721 3220 percipias
747 3157 894 3200 sensum:
920 3137 989 3221 pati
1017 3136 1106 3200 enim
1133 3145 1166 3200 et
1192 3136 1278 3202 ferre
1309 3157 1419 3202 eorum
1451 3146 1513 3222 eet,

300 3264 435 3332 quorum
457 3248 570 3328 pectus
593 3261 658 3306 non
682 3239 849 3307 mollescit
872 3239 1025 3328 Sequitur
1048 3244 1174 3308 cautius

299 3375 359 3444 Ov.
383 3397 443 3442 am.
465 3373 495 3458 Ι,
526 3370 580 3456 15,
605 3373 644 3440 31
678 3373 775 3460 ‘Ergo
798 3396 872 3439 cum
894 3373 1012 3460 silices,
1035 3397 1109 3440 cum
1132 3374 1213 3440 dene
1235 3377 1389 3462 patientis
1411 3380 1513 3442 aratri

730 3480 919 3568 Depereant
942 3503 1030 3565 aevo,
1054 3483 1200 3547 carmina
1222 3492 1325 3549 morte
1348 3481 1478 3548 carent!

297 3613 439 3681 Perfecti
462 3612 673 3701 participium
696 3634 780 3677 unus
803 3610 966 3677 adiectiva
988 3613 1023 3676 vi
1046 3610 1215 3677 adhibuit:

299 3751 475 3838 01011101,
500 3749 555 3835 15,
579 3751 619 3818 21
645 3749 811 3839 ⁸Coniugis
834 3751 972 3819 Euadne
995 3755 1129 3820 miseros
1152 3753 1255 3819 elata
1276 3777 1336 3842 per
1357 3757 1452 3841 ignes

702 3857 852 3927 Occidit'.

297 3993 517 4064 Retinendam
540 4013 609 4059 0000
626 3991 711 4060 hanc
726 3994 871 4060 omnium
894 3993 985 4059 codd.
1008 3996 1202 4081 scripturam
1218 4003 1250 4061 et
1272 3996 1407 4060 minime
1431 4017 1511 4082 opus

299 4125 368 4170 0000
392 4100 588 4168 coniecturis
612 4120 629 4165 e
653 4099 732 4166 falso
747 4101 836 4166 vocis
859 4100 961 4188 ‘elata’
985 4100 1156 4166 intellectu
1178 4103 1265 4185 ortis,
1288 4123 1399 4167 omnes
1422 4124 1512 4167 nunc

299 4208 507 4276 consentiunt
533 4205 597 4270 viri
626 4204 730 4287 docti3
759 4203 861 4292 ‘elata’
886 4207 973 4272 enirn
1002 4228 1067 4271 non
1091 4206 1132 4272 de
1154 4207 1271 4273 funere
1295 4218 1328 4273 et
1351 4207 1392 4273 de
1422 4229 1512 4273 exse-

298 4316 384 4406 quiis
401 4311 634 4398 ¹accipiendum
658 4320 706 4379 est
722 4349 763 4360 —
779 4334 861 4400 quae
885 4313 1109 4399 interpretatio
1133 4314 1231 4378 etiam
1253 4312 1510 4399 Lachmannum,

299 4433 335 4490 ut
358 4415 482 4509 ‘ablata'
510 4420 700 4506 corrigeret,
728 4418 883 4506 perduxit
912 4455 950 4466 -
979 4419 1037 4485 sed
1064 4419 1105 4484 de
1132 4420 1274 4487 fanatico
1298 4443 1420 4505 errore,
1447 4443 1509 4508 quo

298 4526 436 4596 Euadne
461 4533 594 4590 mortem
611 4523 673 4590 sibi
699 4526 865 4592 conscivit
889 4523 985 4606 Quod
1005 4533 1113 4592 autem
1128 4526 1270 4610 Hertab„
1294 4529 1393 4593 sicin
1408 4530 1510 4594 variis

299 4635 417 4702 montis
440 4631 736 4720 perturbationibus
760 4631 885 4718 ⁸efferri'
904 4632 1039 4698 verbum
1056 4637 1212 4721 usurpari,
1236 4635 1353 4700 lexicis
1377 4634 1508 4701 abunde
