3326 5390
647 430 687 441 -
734 391 773 458 51
823 430 863 441 -

187 565 243 651 Ν,
266 567 296 651 8,
320 567 360 633 13
386 565 598 654 ,Argumenta
619 571 723 656 magis
746 579 822 634 sunt
843 571 1000 636 Mentoris
1024 571 1136 638 addita
1158 571 1325 638 formae’.

147 702 227 790 pila
250 707 391 796 denique
414 712 547 775 nomine
566 711 673 775 varias
692 733 744 775 111
765 709 873 776 induit
891 711 1086 798 Propertius.
1108 712 1255 778 Primum
1270 715 1359 780 enim

148 811 191 878 de
215 813 347 899 globulo
370 815 468 900 dixit,
491 838 553 904 quo
575 816 751 882 utebantur
774 817 900 884 iudices
923 819 958 884 in
981 819 1162 904 suffragiis:

307 944 346 1029 V,
371 949 425 1032 11,
449 947 493 1014 20
516 947 556 1034 ,Is
578 969 652 1013 mea
673 950 786 1014 sortita
806 947 955 1015 vindicet
979 971 1049 1014 ossa
1070 947 1174 1036 pila',
1248 1041 1251 1048 1

149 1102 246 1167 quam
276 1080 550 1166 significationem
578 1088 748 1166 praeterea
775 1080 912 1146 tradidit
938 1078 1056 1146 Ascon.
1083 1082 1119 1146 in
1146 1103 1270 1168 argum.
1293 1078 1361 1146 (lic.

148 1208 193 1251 or.
216 1208 274 1274 pro
296 1186 367 1252 Mil.
392 1186 442 1253 18.
464 1184 571 1251 Versu
594 1196 703 1252 autem

276 1319 339 1404 ΠΙ,
366 1319 419 1403 18,
444 1320 485 1384 12
509 1319 561 1407 ιΕ1
583 1318 734 1385 manibus
758 1318 840 1385 dura
862 1317 967 1405 frigus
989 1317 1111 1386 habere
1134 1318 1229 1407 pila’

149 1452 358 1540 crystallinas
380 1451 514 1518 fortasse
538 1451 691 1539 sphaeras
713 1451 908 1537 intellegere
931 1450 1021 1534 licet,
1044 1453 1162 1539 quibus
1185 1463 1276 1519 aestu
1298 1475 1363 1518 ma-

148 1582 212 1624 nus
242 1559 476 1645 refrigaverint
507 1559 674 1642 mulieres,
707 1581 901 1646 quamquam
933 1581 950 1624 e
982 1559 1122 1626 Martial.
1151 1559 1191 1643 V,
1220 1556 1271 1644 37,
1306 1559 1362 1642 113
1389 1552 1393 1561 ’

147 1665 213 1750 ΧΙ,
243 1667 278 1750 8,
307 1667 328 1731 6
358 1675 391 1731 11
420 1665 505 1730 Ρ111.
536 1664 718 1748 XXXVII,
747 1664 768 1728 2
799 1666 858 1749 (9),
885 1686 963 1751 quos
986 1663 1150 1747 adferunt,
1174 1665 1254 1730 locis
1276 1664 1362 1731 nihil

148 1773 271 1838 certius
294 1771 334 1837 de
358 1793 396 1837 eo
418 1793 480 1836 usu
502 1771 715 1859 conperimus.
739 1769 806 1837 Sed
828 1780 940 1858 aperte

329 1903 368 1988 V,
394 1905 425 1988 1,
449 1905 491 1969 ’16
514 1903 661 1990 ,Nescius
683 1914 794 1970 aerata
816 1905 912 1991 signa
934 1927 1065 1971 movere
1087 1902 1175 1992 pila*

149 2047 269 2126 ,aerata
289 2035 365 2125 pila’
389 2037 511 2104 dicitur
529 2039 682 2103 machina
705 2063 747 2104 ex
763 2061 838 2105 aere
865 2041 901 2104 in
924 2039 1080 2126 sphaerae
1100 2039 1243 2126 speciem
1265 2035 1363 2104 fabri·

149 2155 235 2229 eata,
259 2146 294 2210 in
317 2167 380 2232 qua
402 2146 498 2231 signa
520 2143 675 2211 caelestia
696 2146 763 2210 fixa
785 2146 1053 2232 circumagebant
1075 2144 1236 2230 astrologi.
1267 2144 1362 2227 Quod
1409 2157 1413 2166 ’

149 2263 183 2319 11
210 2251 345 2339 adparet
374 2275 392 2318 e
419 2252 513 2339 Prop.
540 2253 609 2340 ipso
639 2262 672 2317 11
701 2251 918 2339 conprobatur
944 2251 1094 2339 plurimis
1123 2251 1197 2317 aliis
1225 2250 1362 2319 testibus

148 2357 190 2424 ab
212 2356 346 2425 Hertzb.
369 2360 405 2424 in
428 2380 541 2425 comm.
564 2358 607 2425 ad
629 2358 661 2424 h:
683 2357 704 2424 l.
727 2359 898 2445 congestis.

654 2587 854 2662 Adiectiva

148 2763 242 2828 novis
268 2760 435 2848 participii
462 2759 566 2824 forma
587 2760 672 2825 fictis
695 2770 791 2826 aucta
818 2782 887 2826 1111
915 2783 936 2825 1
961 2760 1055 2847 Prop.
1077 2782 1175 2847 supra
1198 2762 1285 2848 (pag.
1307 2761 1363 2843 20)

147 2869 299 2935 vidimus.
332 2866 385 2932 De
412 2867 658 2954 participiorum
688 2889 777 2932 nunc
806 2867 969 2932 adiective
999 2877 1224 2954 usurpatorum
1252 2890 1313 2933 usu
1341 2891 1362 2933 a

148 2984 244 3064 poeta
266 2972 462 3060 amplificato
484 2974 589 3060 primo
616 2971 686 3038 loco
714 2973 874 3039 disserere
898 2974 934 3038 in
957 2974 1065 3039 animo
1089 2983 1145 3039 est
1174 2971 1282 3060 Atque
1306 2973 1362 3038 du·

149 3080 229 3168 plici
261 3079 356 3144 modo
387 3078 449 3144 hoc
479 3080 601 3145 iactum
631 3090 679 3144 est
710 3102 730 3144 a
760 3079 944 3166 Propertio:
981 3080 1127 3146 Primum
1160 3082 1248 3146 enim
1280 3101 1363 3145 novo

150 3209 239 3253 more
268 3188 400 3252 omnino
428 3183 579 3252 adhibuit
607 3189 782 3274 participia
810 3187 973 3253 adiectivo
1000 3209 1109 3270 sensu,
1137 3186 1258 3252 deinde
1286 3207 1363 3252 vero

152 3315 276 3377 eorum,
304 3315 387 3380 quae
415 3294 480 3357 iam
508 3295 543 3358 in
566 3292 802 3358 adiectivorum
829 3316 923 3358 usum
952 3303 1045 3359 erant
1067 3302 1211 3379 recepta,
1239 3293 1363 3358 notioni

151 3410 400 3487 praegnantem,
423 3422 519 3487 quam
541 3410 659 3465 vocant
679 3401 899 3486 grammatici,
921 3402 990 3465 vim
1012 3399 1172 3465 subdidit:
1195 3397 1280 3484 quod
1296 3400 1364 3485 qui-

152 3505 227 3572 dem
250 3507 285 3572 in
308 3508 395 3573 veris
418 3507 590 3572 adiectivis
618 3506 787 3592 vulgarius
810 3517 869 3591 est,
898 3509 934 3572 in
961 3509 1009 3573 eis
1035 3518 1156 3590 autem,
1184 3527 1267 3592 quae
1289 3515 1365 3572 sunt

151 3614 333 3701 participia,
356 3615 464 3678 minus
487 3612 630 3678 libenter
653 3614 796 3679 admittit
819 3635 931 3680 sermo.

257 3718 308 3787 Ac
329 3721 510 3808 praesentis
532 3721 743 3807 participium
765 3719 851 3786 solus
873 3741 932 3808 pro
955 3717 1118 3785 adiectivo
1140 3719 1262 3805 posuit:

153 3860 337 3932 scandens
359 3886 402 3929 ex
431 3865 638 3929 intransitive
661 3863 788 3929 scilicet
810 3861 904 3929 verbi
929 3861 1087 3927 scandere
1110 3882 1221 3945 sensu,
1250 3858 1365 3925 eadem

153 3971 285 4036 notione
308 3980 404 4057 atque
428 3971 627 4058 ,excelsum
652 3969 781 4037 altus':

210 4103 250 4188 V,
276 4104 307 4188 1,
330 4101 373 4168 65
397 4103 646 4190 ,scandentes
669 4105 813 4191 quisquis
837 4111 950 4169 cernet
973 4101 1014 4168 de
1036 4099 1178 4168 vallibus
1201 4097 1300 4166 arces'

155 4246 187 4302 et
210 4235 312 4302 eiusd.
335 4258 432 4302 carm.
454 4259 484 4302 v.
509 4236 590 4302 125:

300 4367 617 4456 ,Scandentisque
640 4367 728 4434 Asisi
752 4370 918 4453 consurgit
941 4369 1064 4434 vertice
1087 4362 1222 4449 murus'3

155 4504 208 4568 cui
232 4501 420 4568 addendum
444 4512 503 4587 111,
533 4501 618 4588 quod
645 4505 680 4568 in
708 4502 807 4567 simili
835 4511 1027 4588 argumento
1054 4501 1196 4585 itemque
1224 4499 1366 4584 singula

155 4611 236 4676 riter
258 4608 421 4692 adhibuit,
