3326 5390
633 467 670 478 ..
719 431 761 496 63
807 468 849 478 -

131 602 201 668 her.
224 603 258 688 2,
282 605 303 670 9
326 603 414 775 ¹(Spes
444 626 570 692 quoquc
599 605 691 672 lenta
715 605 795 672 fuit:
822 605 915 674 tardo
938 627 1021 693 quae
1049 606 1176 673 credita
1197 607 1346 693 laedunt,

358 710 563 778 redimus..
586 709 602 774 .'

132 843 261 910 Eadem
291 866 310 909 e
341 845 472 909 notione
502 842 668 929 explicare
699 845 919 930 cogitaveram
949 844 1056 910 locum
1084 846 1127 912 ad
1155 848 1347 934 interprete

132 951 258 1015 tionem
281 948 529 1015 difficillimum:

133 1083 191 1166 IV,
217 1083 270 1168 12,
294 1083 335 1150 37
364 1083 473 1170 ,Pinus
503 1092 536 1148 et
563 1082 757 1149 incumbens
780 1082 907 1150 lentas
930 1083 1154 1186 circumdabat
1176 1085 1348 1167 umbras',

133 1248 193 1314 pro
224 1225 414 1312 ,diuturnus'
443 1225 499 1291 hic
529 1225 729 1292 adiectivum
758 1229 898 1314 positum
928 1251 997 1294 esse
1027 1237 1129 1312 ratus,
1156 1228 1198 1292 de
1225 1226 1349 1292 umbris

134 1331 264 1398 scilicet
290 1330 348 1396 diu
371 1331 579 1398 morantibus.
609 1332 737 1398 Plinius
760 1342 869 1398 autem
896 1333 1064 1400 meliorem
1088 1333 1199 1399 docuit
1221 1358 1273 1400 me
1297 1333 1350 1403 do·

136 1436 362 1523 clarationem,
392 1441 448 1526 qui
471 1462 502 1504 n.
524 1438 556 1504 h.
578 1438 673 1524 XVI,
706 1440 748 1505 10
771 1439 848 1524 (16),
875 1442 917 1508 38
948 1443 1053 1528 ,pinus
1082 1450 1178 1528 atque
1205 1442 1352 1527 pinaster

135 1546 251 1612 folium
278 1544 402 1610 habent
429 1544 651 1632 capillamenti
680 1545 774 1611 modo
801 1555 981 1634 praetenue
1007 1547 1206 1634 longumque
1230 1557 1263 1612 et
1284 1569 1352 1611 mu·

136 1675 235 1719 crone
268 1650 469 1716 aculeatum’.
508 1648 591 1716 (lum
624 1653 726 1738 igitur
757 1651 849 1738 folia,
882 1655 981 1720 etiam
1010 1652 1145 1718 umbrae
1174 1662 1290 1718 tenues
1319 1661 1352 1718 et

135 1761 245 1824 minus
276 1757 406 1823 validae
438 1759 505 1823 sint
536 1780 670 1824 necesse
700 1768 757 1824 est.
793 1759 838 1824 Et
868 1783 939 1825 eam
966 1760 1122 1827 adiectivi
1151 1759 1275 1846 ,lentus'
1298 1781 1353 1825 no

135 1869 269 1950 tionem,
292 1863 493 1951 singularem
516 1865 656 1952 quidem,
679 1864 739 1930 sed
761 1865 803 1931 ab
819 1868 974 1932 universa
997 1867 1067 1933 eius
1082 1867 1172 1932 vocis
1190 1867 1353 1932 sententia

135 1994 203 2038 non
239 1969 469 2037 abhorrentem
502 1971 701 2058 conprobare
736 1970 869 2038 videtur
904 1994 1018 2038 versus
1052 1993 1117 2038 non
1154 1975 1263 2038 minus
1296 1972 1353 2038 illo

136 2079 241 2145 altero
264 2088 402 2144 vexatm

137 2213 163 2298 Ι,
182 2212 231 2296 18,
248 2199 288 2278 21
314 2210 518 2299 ,Aquotiens
540 2221 697 2277 teneras
720 2221 874 2278 resonant
893 2234 967 2278 mea
981 2197 1084 2278 uerba
1098 2212 1159 2278 sub
1182 2211 1354 2296 umbras',

139 2357 233 2421 ouius
264 2354 418 2420 traditam
454 2356 649 2442 scripturam
686 2356 757 2428 iure
789 2354 939 2420 defendit
971 2355 1120 2441 Hertzb.,
1156 2358 1212 2444 qui
1246 2366 1356 2421 tamen
1430 2355 1432 2360 ’

139 2461 225 2527 male
257 2462 489 2548 interpretatus
521 2469 582 2544 est,
614 2458 761 2546 ,umbras'
792 2482 851 2549 pro
884 2459 1054 2526 arboribus
1087 2462 1166 2547 ipsis
1197 2460 1357 2527 umbrosis

140 2569 280 2655 positum
317 2589 405 2632 esse:
441 2568 577 2632 minime
615 2569 704 2632 enim
740 2565 892 2633 arborum
928 2567 1061 2634 frondes
1093 2570 1247 2634 continuo
1282 2575 1358 2634 sunt

139 2683 274 2739 tenerae
305 2681 338 2739 et
366 2673 408 2738 de
438 2673 581 2739 iucundo
613 2675 648 2739 in
671 2673 764 2739 silvis
792 2674 984 2762 crepusculo
1012 2684 1102 2740 certe
1128 2679 1265 2763 utroque
1288 2675 1358 2740 loco

142 2781 299 2866 cogitavit
313 2790 416 2867 poeta,
441 2782 488 2846 ita
509 2788 628 2865 tamen,
652 2791 689 2846 ut
704 2779 806 2847 altero
830 2803 848 2846 e
872 2781 1076 2848 iucunditate
1101 2781 1192 2869 ,levis
1214 2780 1358 2847 umbrae'

142 2885 227 2969 (Tib.
249 2886 295 2970 H,
318 2885 352 2969 5,
377 2887 438 2970 963
467 2887 526 2954 Ov.
549 2898 624 2953 met.
647 2886 681 2971 5,
706 2887 784 2969 336)
813 2886 959 2973 ,teneras’
984 2888 1121 2972 dixerit,
1147 2889 1250 2954 altero
1274 2911 1292 2952 e
1314 2897 1360 2954 te·

141 2994 281 3077 nuitate,
303 2993 419 3060 fronde
442 2994 560 3080 gracili
584 3004 661 3079 orta,
681 2993 803 3081 ,lentas'
827 2993 1009 3080 adpellaret
1031 2993 1174 3077 umbras,
1198 3016 1283 3058 nova
1305 3015 1360 3057 no·

142 3101 232 3165 tione
261 3100 392 3166 subdita
422 3104 452 3166 ei
476 3101 652 3186 adiectivo,
676 3101 774 3188 quod,
802 3103 880 3189 quia
902 3101 1047 3184 amabat,
1077 3102 1169 3166 varie
1201 3099 1360 3166 adhibuit

249 3206 473 3294 Hertzbergii,
513 3210 569 3295 qui
609 3207 723 3295 ,lentas
761 3197 901 3274 umbras*
940 3231 999 3296 pro
1034 3206 1255 3296 pendentibus
1289 3208 1360 3294 pini

144 3315 243 3380 ramis
274 3313 434 3379 umbrosis
465 3315 598 3401 accipit,
630 3314 790 3381 iudicium
821 3317 893 3402 pini
926 3319 1027 3402 ipsius
1057 3316 1164 3402 figura
1192 3314 1361 3395 refutatur,

145 3420 187 3486 de
211 3442 275 3508 qua
297 3420 382 3490 Plin.
404 3420 499 3505 XVI,
523 3422 565 3488 26
590 3419 666 3508 (44),
693 3421 754 3487 107
784 3422 864 3509 ,Nec
891 3422 959 3488 ulla
984 3422 1139 3501 ¹arborum
1168 3420 1298 3486 avidius
1327 3441 1362 3485 se

145 3525 313 3614 promittit’
344 3537 377 3593 et
399 3527 479 3593 ibid.
503 3527 546 3593 10
573 3529 649 3611 (17),
673 3527 714 3594 39
738 3551 873 3613 ,ramosa
896 3532 981 3595 sicut
1009 3532 1107 3616 pinus
1129 3530 1170 3594 in
1192 3524 1363 3593 vertice'.

147 3633 314 3717 Quomodo
330 3636 432 3720 igitur
445 3636 544 3700 ramis
559 3636 626 3700 suis
646 3635 868 3721 ,circumdare’
885 3639 1029 3724 potuerit
1046 3633 1218 3701 amantes?
1242 3630 1362 3720 ,laetus'

147 3751 180 3807 et
207 3739 314 3827 ,latas’,
340 3739 496 3807 Italorum
525 3743 745 3826 coniecturae,
776 3765 841 3808 non
869 3753 944 3812 sunt
972 3744 1176 3809 necessariae
1199 3763 1302 3828 aeque
1326 3762 1364 3805 ac

146 3846 341 3913 Baehrensii
374 3849 558 3914 emendatio
590 3847 704 3935 ,lentis’
738 3872 780 3914 sc.
804 3849 989 3915 amantibus
1016 3851 1126 3915 otiosis
1153 3849 1309 3913 nimirum
1333 3857 1365 3913 et

148 3955 285 4039 securis,
308 3977 391 4042 quae
415 3955 572 4021 adiectivi
595 3957 684 4021 notio
708 3978 725 4020 e
748 3955 849 4042 Verg.
872 3956 1006 4044 quidem
1028 3958 1092 4041 (ge.
1118 3956 1145 4039 1,
1168 3956 1191 4020 4
1213 3975 1298 4040 supr.
1323 3950 1365 4035 1.),

85 4102 87 4107 ·
148 4062 284 4126 minime
307 4069 416 4128 autem
439 4086 457 4129 c
479 4063 573 4149 Prop.
595 4063 760 4129 vindicari
783 4073 908 4151 potest3
932 4086 1016 4146 nam,
1039 4084 1102 4150 quo
1125 4082 1223 4128 sensu
1245 4058 1301 4125 hic
1324 4057 1365 4124 de

149 4167 334 4234 amantibus
356 4191 396 4235 aa
417 4190 498 4258 voce
521 4191 597 4235 usus
620 4171 670 4254 sit,
694 4171 771 4237 satis
794 4169 947 4235 vidimus.

254 4311 391 4377 Restant
414 4311 556 4399 denique
581 4310 645 4376 duo
668 4309 745 4394 loci,
770 4310 861 4395 alter,
884 4310 942 4376 ubi
958 4311 1154 4397 praegnanti
1169 4310 1204 4374 vi
1221 4309 1367 4376 absolute

151 4419 301 4504 ponitur:

216 4551 257 4636 Π,
283 4552 317 4634 3,
340 4549 382 4616 38
408 4550 526 4636 ,Nunc,
549 4552 643 4635 Pari,
665 4562 701 4617 tu
724 4553 855 4638 sapiens
878 4561 912 4617 et
933 4560 982 4635 tu,
1005 4550 1170 4634 Menelao,
1194 4551 1301 4635 fuisti,

469 4658 521 4722 Tu
543 4661 620 4746 quia
641 4657 810 4745 poscebas,
833 4667 869 4724 tu
892 4660 969 4747 quia
991 4658 1120 4724 lentus
1144 4658 1250 4743 eras’,
