3326 5390
661 417 877 484 ..17-

265 596 397 661 Tertiae
421 597 543 684 speciei
571 595 736 661 adieetiva
758 595 1005 661 denominativa
1032 595 1118 683 apud
1141 596 1283 682 primum
1305 595 1380 660 Pto

158 705 301 790 pertium
324 705 540 770 inveniuntur
563 703 627 768 duo
650 701 750 768 haee:

158 842 364 914 §inminens
394 847 528 934 propria
556 845 797 930 significatione
830 868 858 932 ,e
888 844 1082 910 staminibus
1117 853 1281 930 constans,
1315 845 1381 910 filis

157 949 283 1039 plenus'
308 976 327 1016 a
350 951 417 1016 solo
439 953 609 1039 Propertio
633 950 826 1017 adhibetur:

264 1094 321 1180 IV,
345 1095 378 1179 b,
403 1097 445 1162 26
469 1093 677 1182 ,Staminea
700 1095 828 1160 rhombi
853 1095 984 1161 ducitur
1008 1095 1066 1161 ille
1089 1093 1177 1160 rota'

159 1253 199 1317 q.¹
213 1253 240 1294 e.
262 1228 427 1314 ,rhombus
451 1230 528 1297 lioio
553 1231 723 1318 inplicitus
747 1242 779 1296 et
801 1231 942 1297 rotatus’.
979 1232 1104 1297 Iterum
1131 1255 1216 1297 unus
1239 1231 1382 1316 Plinius,

159 1336 219 1402 sed
241 1359 261 1400 a
284 1337 516 1422 similitudine,
540 1338 655 1402 eadem
678 1360 758 1403 voce
782 1362 859 1414 usus¹
882 1338 966 1424 ligni
993 1361 1095 1404 venas
1124 1341 1227 1405 instar
1255 1340 1383 1404 extensi

161 1445 310 1509 staminis
333 1445 499 1530 signifieat
522 1466 554 1509 n.
578 1443 609 1508 h.
632 1443 728 1526 XVI,
751 1444 795 1510 43
819 1443 899 1527 (83),
924 1443 1006 1510 226:
1029 1443 1239 1531 ,Stamineam
1262 1447 1297 1510 in
1320 1437 1382 1510 hoo

161 1574 222 1616 usu
243 1549 385 1636 probant
406 1573 526 1616 venam
550 1560 583 1616 et
604 1561 724 1616 vocant
747 1548 925 1616 feruleam’.

161 1689 390 1762 stramineus
412 1694 476 1778 ΠΙ,
500 1695 532 1778 8,
557 1695 617 1762 2οι

322 1833 438 1922 ,Atque
462 1837 588 1900 utinam
610 1835 733 1900 Romae
757 1857 853 1899 nemo
877 1844 962 1900 esset
985 1833 1078 1900 dives
1102 1845 1134 1900 et
1158 1837 1227 1922 ipse

374 1940 595 2008 Straminea
610 1950 718 2028 posset
733 1941 802 2006 dux
817 1939 967 2006 habitare
984 1939 1079 2005 oasal'
1132 1953 1133 1958 ’

163 2097 266 2161 ,casae
294 2078 481 2141 stramentis
508 2073 623 2141 tectae'
649 2073 741 2139 Caes.
763 2075 794 2140 b.
817 2097 847 2159 g.
872 2073 906 2159 5,
928 2075 968 2139 41
995 2073 1091 2139 dixit.
1128 2072 1222 2138 Idem
1249 2071 1384 2138 adieeti-

163 2205 241 2246 vum
265 2181 401 2247 exhibet
424 2181 484 2248 Ov.
508 2205 570 2247 am.
591 2181 639 2265 Π,
663 2183 699 2264 9,
725 2183 780 2247 18:

292 2313 414 2400 ,Roma
439 2315 502 2379 nisi
527 2317 723 2380 immensum
745 2316 834 2379 vires
857 2322 1035 2400 promosset
1058 2314 1093 2377 in
1117 2311 1241 2398 orbem,

343 2419 536 2486 Stramineis
561 2431 645 2487 esset
668 2444 757 2487 nune
780 2443 907 2509 quoque
931 2420 1035 2485 densa
1058 2419 1158 2486 uasis!

163 2552 322 2633 Quamvis
346 2564 455 2620 autem
479 2556 514 2618 in
539 2565 732 2640 argumento
755 2577 820 2619 non
844 2553 987 2620 absimili
1012 2551 1151 2620 Ovidius
1174 2550 1259 2618 illud
1278 2550 1385 2616 adiee-

163 2661 268 2724 tivum
295 2669 441 2745 usurpet,
470 2671 581 2728 tamen
609 2686 651 2728 ne
680 2662 825 2746 credam,
853 2661 941 2726 idem
964 2684 984 2725 a
1006 2661 1175 2747 Propertio
1198 2660 1385 2741 formatum,

163 2765 205 2831 ab
235 2764 355 2831 Ovidio
386 2777 557 2854 aeoeptum
587 2765 670 2853 esse,
704 2768 787 2834 alter
818 2767 1002 2834 Ovidianus
1032 2767 1122 2833 locus
1151 2790 1204 2832 me
1233 2765 1387 2853 prohibet

163 2874 234 2938 fast
256 2873 291 2957 5,
315 2875 377 2939 631
404 2874 511 2961 ,Illum
534 2877 726 2941 stramineos
750 2878 786 2941 in
810 2898 926 2962 aquam
954 2876 1081 2939 misisse
1109 2872 1274 2955 Quirites'.
1313 2873 1386 2954 Quo

165 2978 254 3040 enim
283 3000 381 3041 versu
411 2980 447 3042 in
476 2980 664 3065 opinionem
695 2978 848 3062 adducor,
877 3001 916 3043 ea
943 2977 1184 3063 significatione
1209 2978 1386 3062 ,straminei

164 3081 322 3148 homines'
345 3083 400 3148 vel
424 3087 494 3171 ipsa
517 3085 588 3166 illa,
612 3106 709 3170 quam
733 3084 826 3150 dedit
854 3083 994 3150 Ovidius
1022 3085 1199 3171 ,straminei
1229 3081 1385 3164 Quirites’

164 3189 264 3274 vulgo
291 3201 422 3255 vocatas
450 3214 520 3257 esse
549 3191 623 3257 illas
650 3191 819 3256 hominum
847 3191 969 3276 figuras
992 3200 1169 3256 stramento
1194 3199 1388 3273 exstructas,

165 3283 249 3385 quae
277 3299 450 3384 quotannis
477 3301 513 3364 in
541 3299 690 3364 Tiberim
719 3297 965 3380 deiciebantur3
983 3317 1073 3363 ¹casu
1101 3299 1204 3382 igitur
1227 3296 1311 3363 illud
1334 3296 1389 3362 ad-

166 3406 324 3470 ieetivum
347 3427 367 3468 a
388 3406 493 3491 primo
516 3406 686 3492 Propertio
710 3414 874 3471 servatum
899 3427 982 3488 esse,
1005 3405 1187 3471 verisimile
1212 3416 1268 3472 est

272 3511 346 3575 Non
376 3511 479 3576 multo
508 3515 630 3578 certius
660 3512 837 3599 quidquam
868 3511 1111 3606 adfirmaverim
1141 3511 1183 3577 de
1214 3512 1273 3595 eis,
1306 3534 1389 3598 quae

167 3641 255 3682 nune
278 3628 467 3704 sequuntur.
490 3619 543 3684 De
567 3619 741 3684 adieetivis
764 3621 853 3684 enim
876 3620 942 3682 iam
970 3618 1166 3683 disserturus
1194 3641 1278 3701 sum,
1306 3640 1389 3704 quae
1467 3631 1468 3634 ’

166 3725 305 3790 duarum
328 3747 447 3790 vooum
470 3727 693 3812 conpositione
717 3726 855 3790 formata
877 3734 965 3807 sunt,
989 3733 1085 3810 atque
1104 3726 1248 3810 primum
1266 3724 1308 3788 de
1329 3726 1389 3809 eis,

166 3852 250 3918 quae
275 3829 394 3894 adfixis
418 3828 496 3916 ,-fer'
522 3840 555 3895 et
578 3830 666 3918 ,ger'
690 3855 710 3895 a
732 3830 946 3896 substantivis
969 3839 1039 3895 orta
1061 3840 1147 3895 sunt.

167 3976 345 4068 flllsssslfffl'
367 3979 414 4064 Π,
438 3981 473 4064 2,
497 3980 516 4044 8
546 3979 719 4068 ,Gorgonis
742 3979 976 4066 anguiferae
999 3987 1114 4065 peetus
1137 3990 1250 4067 operta
1273 3977 1392 4065 eomis',

166 4097 203 4153 ut
218 4086 315 4153 Ovid
331 4089 412 4152 trist.
436 4087 493 4170 IV,
518 4088 545 4172 7,
568 4089 608 4153 12
632 4087 805 4175 ,Gorgonis
828 4088 1003 4174 anguineis
1023 4089 1133 4154 einata
1153 4087 1253 4157 fuisse
1274 4085 1392 4152 oomis’.

167 4219 295 4286 Eadem
317 4242 382 4285 vox
401 4215 637 4308 adpellativum
657 4243 776 4286 nomen
796 4221 896 4286 fuisse
914 4220 1047 4284 videtur
1066 4222 1136 4285 eius
1155 4219 1285 4304 sideris,
1306 4219 1391 4307 quod

169 4327 290 4393 Graeci
314 4323 501 4413 ,’οφιοῦχον’
525 4327 749 4413 adpellabant,
773 4336 855 4392 teste
877 4326 1002 4392 Colum.
1023 4327 1072 4410 11,
1092 4329 1123 4392 2.
1142 4328 1278 4393 Praeter
1295 4349 1392 4414 quem

168 4455 264 4500 nemo
296 4433 380 4498 alius
408 4432 566 4499 bonorum
593 4437 788 4523 scriptorum
816 4457 888 4502 eam
916 4435 1077 4516 servavit3
1106 4434 1239 4500 infimae
1264 4443 1392 4499 tantum

168 4547 359 4613 Latinitatis
390 4569 462 4612 eam
495 4550 613 4613 iterum
646 4549 753 4614 adfert
790 4559 897 4635 poeta,
931 4548 1130 4614 Prudentius
1169 4549 1205 4610 in
1238 4548 1394 4630 carmine,

169 4654 255 4742 quod
279 4656 446 4740 inscripsit
467 4651 722 4742 ,llpupuqa'rstu’,
742 4656 798 4721 ubi
821 4658 879 4721 131
906 4656 1029 4741 legitur
1046 4653 1263 4742 ,anguiferum
1279 4653 1394 4738 eaput'.

1235 4780 1250 4832 2
