3326 5390
781 343 974 408 „4-

269 533 402 611 propter
428 545 643 610 permagnum
672 523 915 610 deperditorum
941 525 1099 590 librorum
1127 547 1311 606 numerum,
1340 519 1399 587 sed
1428 518 1493 587 ali-

269 655 366 719 quam
389 642 516 698 tantum
538 632 686 698 veritatis
710 633 1066 720 speciemplerumque
1082 631 1146 696 sibi
1162 630 1334 696 vindicare
1349 630 1490 716 possint,

269 748 379 804 tamen
407 746 502 826 aptae
529 747 604 803 sunt
632 747 665 803 et
692 738 789 804 utiles
816 761 967 830 necnon
990 739 1194 804 necessariae
1217 737 1260 803 ad
1283 759 1355 802 eam
1377 734 1489 820 legem

270 845 482 911 muniendam
511 857 544 910 et
570 845 794 930 sanciendam,
824 869 921 933 quam
952 848 1068 912 merito
1097 845 1173 910 tulit
1200 843 1488 930 Zangemeisterus

269 953 290 1017 l.
313 952 333 1017 l.
356 974 387 1039 p.
410 952 448 1018 3:
472 975 522 1038 ,ne
547 953 600 1017 cui
623 953 697 1016 voci
719 951 774 1017 vel
798 951 936 1017 dictioni
959 960 1132 1038 propterea
1155 951 1258 1016 solum
1281 951 1358 1038 quia
1385 947 1488 1013 semel

269 1069 395 1125 tantum
420 1067 521 1142 extat,
545 1055 689 1145 probitas
711 1057 864 1145 fidesque·
880 1053 1074 1144 abrogetur’.
1112 1057 1166 1126 Ad
1189 1060 1355 1146 scriptoris
1377 1064 1487 1120 autem

266 1167 441 1252 ingenium
462 1163 714 1252 percipiendum
738 1173 771 1228 et
793 1163 836 1228 ad
858 1163 1013 1251 loquendi
1037 1165 1227 1247 sollertiam,
1250 1165 1331 1247 vim,
1360 1163 1487 1250 copiam

269 1257 530 1359 cognoscendam
551 1279 584 1336 et
603 1267 809 1336 statuendam
825 1291 890 1336 non
906 1271 1044 1336 multum
1060 1271 1244 1358 proficiunt.
1266 1271 1381 1357 Neque
1398 1270 1488 1334 enim

269 1401 309 1444 ea
331 1378 425 1443 modo
449 1379 578 1443 invenit
601 1378 770 1463 quisquam
793 1378 932 1463 scriptor
949 1377 1121 1462 vocabula,
1144 1400 1226 1464 quae
1242 1401 1326 1442 unus
1342 1384 1487 1458 testatur,

268 1485 327 1551 sed
351 1487 450 1551 etiam
474 1483 551 1566 alia,
575 1505 658 1570 quae
681 1483 874 1568 posteriores
895 1493 1092 1572 receperunt
1112 1494 1145 1549 et
1164 1503 1398 1571 nonnunquam
1416 1503 1488 1569 per-

267 1591 502 1678 vulgaverunt,
525 1589 566 1655 ab
590 1588 648 1653 illo
671 1588 818 1675 profecta
839 1599 924 1654 sunt.
956 1591 1030 1672 Qua
1053 1591 1094 1656 de
1118 1613 1215 1656 causa
1237 1589 1428 1655 Dindorfius
1451 1590 1486 1654 in

268 1699 334 1764 fine
366 1699 468 1764 lexici
501 1695 681 1782 Aeschylei
708 1716 782 1781 pag.
810 1696 877 1762 404
905 1697 1016 1762 Todtii
1046 1697 1308 1763 dissertationem
1340 1717 1437 1781 supra
1466 1693 1487 1758 l.

269 1829 335 1871 non
358 1809 429 1872 sine
453 1803 552 1870 laude
576 1811 817 1886 commemorat,
840 1813 950 1890 tamen
968 1807 1046 1891 quia
1061 1788 1200 1870 alterurn
1216 1803 1377 1891 quoddam
1393 1803 1486 1885 desit,

268 1914 435 1999 vituperat
457 1909 579 1995 absque
602 1929 654 1992 ec,
684 1910 739 1996 qui
767 1911 803 1972 in
835 1932 875 1974 ea
901 1907 1061 1975 vocabula
1091 1911 1304 1998 inquisiturus
1335 1910 1388 1992 sit,
1418 1930 1487 1995 pos-

268 2018 363 2102 tulat,
388 2027 424 2083 ut
447 2017 573 2104 duplici
596 2016 753 2103 fungatur
775 2017 899 2082 officio:
922 2019 1063 2104 primum
1086 2027 1122 2082 ut
1145 2041 1184 2083 ea
1204 2026 1347 2101 enarret,
1369 2015 1487 2103 quibus

185 2166 187 2171 ·
265 2129 311 2212 is,
342 2126 383 2191 de
414 2147 476 2213 quo
507 2126 624 2210 agitur,
655 2125 792 2211 scriptor
821 2124 945 2211 primus
975 2134 1008 2189 et
1034 2123 1120 2190 solus
1146 2147 1222 2190 usus
1246 2133 1342 2207 esset,
1365 2121 1486 2188 deinde

270 2255 321 2316 ea,
346 2254 429 2320 quae
452 2233 577 2318 primus
600 2230 747 2318 quidem,
770 2253 885 2296 verum
908 2213 974 2297 non
997 2231 1095 2316 solus,
1118 2230 1176 2296 sed
1205 2231 1303 2296 etiam
1330 2227 1388 2296 alii
1416 2238 1487 2316 post

270 2359 345 2405 eum
368 2337 605 2405 adhibuissent

264 2481 267 2487 ·
377 2443 422 2509 At
452 2468 496 2509 ne
524 2453 594 2508 tum
626 2442 773 2530 quidem,
805 2465 879 2508 cum
911 2447 1020 2510 omnia
1052 2468 1092 2510 ea
1121 2442 1292 2526 vocabula,
1325 2464 1389 2530 qua
1416 2441 1488 2506 vult

269 2551 460 2616 Dindorfius
492 2545 619 2616 ratione
652 2558 807 2636 congesta
838 2560 871 2615 et
902 2551 1058 2638 disposita
1093 2549 1242 2633 habebis,
1278 2548 1487 2636 subpeditare

268 2667 362 2746 putes
387 2681 462 2723 eum
485 2679 658 2722 numerum
681 2654 723 2720 ad
745 2677 860 2721 verum
884 2656 925 2723 de
949 2657 1181 2724 vocabulorum
1208 2681 1268 2723 usu
1295 2656 1384 2722 illius
1411 2655 1487 2720 scri-

266 2767 368 2851 ptoria
391 2766 522 2851 proprio
547 2773 580 2828 et
603 2762 763 2848 peculiari
788 2763 957 2828 iudicium.
994 2765 1108 2830 Restat
1136 2766 1224 2856 enim
1249 2763 1388 2828 alterum
1411 2763 1487 2827 scri-

266 2880 396 2957 ptorum
429 2880 463 2934 et
493 2879 663 2956 poetarum
697 2871 848 2957 inprimis
880 2873 1062 2957 negotium,
1098 2893 1160 2957 quo
1191 2891 1308 2935 vocum
1339 2870 1486 2935 notiones

267 2998 351 3042 novo
384 2976 479 3042 modo
508 2975 686 3042 transferre
717 2976 856 3064 ideoque
886 2979 972 3042 notis
1001 2975 1170 3042 vocabulis
1199 2997 1316 3041 novam
1345 2973 1485 3039 subdere

267 3083 374 3148 solent
396 3083 685 3168 significationem,
709 3107 771 3150 nec
793 3086 927 3149 tertium
951 3084 1107 3171 denique,
1130 3104 1193 3171 quc
1212 3104 1297 3149 nova
1311 3080 1485 3147 verborum

268 3192 420 3256 iunctura
447 3211 547 3256 novas
575 3191 755 3256 sententias
781 3191 962 3276 proferunt,
991 3190 1077 3278 quod
1099 3191 1177 3256 Hor.
1200 3213 1228 3256 a.
1250 3211 1281 3276 p.
1303 3188 1345 3254 4⁷
1371 3211 1415 3275 sq.
1439 3190 1485 3252 in-

269 3295 376 3360 dicat:

760 3445 880 3523 ,notum
903 3437 931 3501 si
955 3435 1075 3502 callida
1097 3434 1234 3502 verbum

494 3540 691 3608 Reddiderit
713 3543 866 3607 iunctura
888 3541 1026 3608 novum’.

374 3715 510 3783 Duabus
533 3728 642 3784 autem
665 3717 756 3783 hisce
779 3716 877 3784 rebus
899 3719 1122 3804 multomagis
1144 3740 1241 3804 quam
1263 3717 1323 3783 illa
1345 3717 1485 3782 efficitur

267 3819 426 3890 sermonis
447 3827 646 3912 proprietam
674 3847 771 3913 quam
798 3847 876 3890 vero
904 3847 1100 3911 cognoscere
1127 3848 1325 3912 magnopere
1349 3827 1486 3891 interest

269 3932 351 4012 eius,
374 3931 430 4017 qui
454 3929 593 3996 alicuius
616 3933 783 4018 scriptoris
806 3934 978 3997 aestimare
1001 3932 1072 3996 vult
1096 3932 1321 3999 elocutionem.

375 4034 472 4116 Quod
498 4046 535 4100 ut
558 4041 690 4104 eveniat
713 4038 755 4104 de
778 4038 961 4125 Propertio,
988 4048 1119 4125 praeter
1143 4039 1234 4103 illam
1257 4038 1338 4104 duas
1360 4059 1486 4125 quoque

268 4142 327 4209 has
359 4145 517 4208 sermonis
547 4145 695 4210 mutandi
726 4139 869 4210 rationes
901 4147 1101 4232 percontari,
1133 4155 1353 4234 quantumque
1381 4145 1486 4211 tribus

266 4249 359 4314 ¹hisce
382 4247 560 4334 generibus
582 4252 753 4316 novaverit
775 4259 884 4337 poeta,
907 4250 1071 4317 illustrare
1094 4251 1244 4317 conabor.

373 4354 405 4420 A
427 4353 595 4421 vocabulis
619 4359 721 4442 igitur
744 4379 764 4421 a
789 4367 886 4445 poeta
908 4358 992 4423 fictis
1021 4379 1153 4423 exorsus
1176 4359 1333 4446 deinceps
1355 4381 1485 4447 pregre

268 4463 341 4529 diar
368 4461 410 4526 ad
438 4483 489 4544 ea,
518 4483 601 4549 quae
629 4485 712 4528 novo
740 4464 834 4530 modo
861 4464 1041 4549 transtulit,
1069 4487 1108 4530 ea
1135 4465 1251 4532 ultima
1277 4477 1486 4550 tractaturus,

268 4591 350 4656 quae
373 4568 585 4654 peculiariter
612 4573 792 4636 coniunxit.
821 4572 870 4636 Eo
894 4582 1002 4638 autem
1026 4581 1099 4638 utar
1122 4572 1250 4656 ordine,
1279 4583 1328 4656 ut,
1356 4597 1438 4660 quae
1466 4598 1485 4638 a
