3326 5390
775 383 991 452 ..30-

274 570 406 649 superet
428 560 509 626 mihi
527 612 534 627 .
550 609 558 626 .
573 559 607 644 .'‚
631 571 766 651 utroquo
790 563 860 629 loco
883 585 941 651 pro
963 573 1100 646 restare,
1124 561 1282 650 quomodo
1300 561 1357 646 IV,
1375 561 1429 646 16,
1448 562 1489 629 19

274 667 380 755 ‘Quod
402 677 549 756 superest
571 667 678 736 vitae’.

394 804 504 870 Etiam
526 803 583 887 IV,
607 805 636 888 4,
661 804 702 869 29
726 803 832 889 ‘Unde
856 805 923 884 salo
947 812 1134 890 superant
1156 803 1263 884 venti,
1280 851 1287 864 .
1307 799 1369 864 ...’

273 966 330 1031 pro
354 968 522 1032 superesse
546 945 612 1010 dici
636 969 656 1011 a
677 958 784 1032 poeta,
810 947 1045 1034 interpretibus
1068 947 1240 1028 adsentior,
1264 945 1335 1026 sed,
1358 945 1493 1009 notione

273 1051 459 1139 ‘abundare'
482 1055 622 1138 positum
639 1077 721 1135 esse,
745 1077 839 1140 nege.
862 1054 977 1136 Immo,
1000 1055 1062 1119 hoc
1077 1054 1147 1119 loco
1162 1051 1380 1139 principalem
1395 1049 1492 1114 verbi

273 1160 444 1245 ‘superare'
474 1160 587 1226 eodem
614 1160 708 1225 modo
736 1183 774 1225 66
802 1159 987 1248 ‘superesse’
1016 1162 1112 1247 positi
1140 1159 1414 1246 significationem
1436 1179 1491 1245 pa7

180 1289 183 1294 ·
271 1275 342 1331 tere
366 1268 526 1333 contendo
546 1269 795 1355 interpretatus:
814 1266 1186 1354 ι666116661611166116.
1205 1265 1260 1346 25)
1283 1312 1384 1329 .....
1400 1263 1489 1328 unde

200 1393 204 1406 '
271 1395 369 1461 super
399 1372 502 1439 salum
532 1375 598 1439 sint
627 1374 728 1439 venti'
757 1376 777 1438 i.
805 1397 832 1440 6.
860 1374 957 1460 ι6616
981 1375 1042 1438 orti
1066 1381 1238 1437 versentur
1261 1393 1359 1458 super
1380 1366 1489 1435 marc’.

271 1481 355 1546 Tum

269 1637 376 1727 piare
403 1645 521 1708 usitato
548 1666 647 1708 sensu
673 1666 731 1730 pro
760 1641 893 1730 ‘ulcisci'
922 1652 955 1708 et
978 1637 1166 1728 ‘vindicare’
1191 1663 1210 1706 a
1231 1639 1325 1726 Prop.
1347 1639 1488 1725 positum

272 1766 475 1808 invenrmus:

365 1875 422 1959 IV,
446 1876 479 1958 3,
503 1876 523 1940 9
548 1874 689 1964 ‘Crassos
712 1876 904 1965 clademque
927 1879 1016 1965 piate
1026 1875 1041 1940 :²

322 1982 378 2066 IV,
404 1984 458 2066 18,
483 1984 523 2051 18
548 1985 590 2049 de
612 1984 732 2050 Medea
756 2029 1282 2071 .......................
1305 1979 1418 2044 matris

760 2091 847 2157 Iram
870 2101 1019 2156 natorum
1044 2090 1144 2156 caede
1167 2091 1272 2176 piavit
1294 2084 1400 2154 amor’.

268 2229 308 2295 In
332 2231 502 2297 sacrificiis
524 2254 583 2318 pro
606 2233 764 2320 ‘purgare’
789 2233 974 2300 adhibitum
997 2233 1155 2319 legimus:

411 2363 468 2446 IV,
492 2365 524 2447 9,
550 2365 591 2431 19
616 2366 707 2452 ‘Inde
731 2377 899 2433 coronatas
922 2366 979 2432 ubi
1002 2376 1075 2432 ture
1097 2366 1242 2452 piaveris
1264 2361 1355 2447 arad,

426 2470 465 2554 V,
491 2473 523 2555 l,
546 2470 592 2538 50
614 2473 720 2559 ‘Dixit
742 2473 909 2540 Aventino
933 2497 1011 2539 rura
1032 2471 1155 2559 pianda
1176 2467 1296 2553 Remo'‚
1324 2519 1327 2528 .

489 2577 522 2662 1,
546 2577 589 2644 34
613 2628 741 2665 ......
766 2590 799 2646 et
821 2581 924 2646 fracto
946 2580 1043 2646 busta
1064 2581 1156 2666 piare
1180 2575 1279 2643 codo'.

266 2717 306 2783 In
337 2719 451 2785 eadem
481 2743 517 2784 re
547 2718 656 2806 ‘piare'
686 2721 824 2786 verbum
854 2744 913 2808 pro
943 2723 1005 2808 pie
1036 2717 1152 2785 colere’
1180 2727 1362 2805 usurpatur,
1389 2738 1486 2804 quam

264 2826 404 2912 primam
428 2836 516 2891 certe
539 2827 637 2892 huius
660 2827 754 2893 verbi
777 2829 1053 2914 significationem
1076 2835 1152 2892 ante
1169 2825 1375 2912 Propertium
1398 2823 1485 2911 apud

266 2954 367 2998 unum
389 2933 541 2999 Plautum
565 2934 769 3021 deprehendi
793 2933 850 2999 As,
873 2933 955 3000 506:

371 3052 447 3159 ‘Ubi
470 3076 559 3162 piem
581 3076 754 3160 Pietatem,
778 3079 805 3142 si
829 3077 910 3141 istoc
933 3077 1022 3141 mdre
1045 3079 1203 3141 moratam
1225 3073 1288 3139 tibi

379 3180 543 3247 Postulem
565 3181 709 3269 placere,
733 3192 846 3268 mater,
869 3183 951 3248 mihi
975 3205 1037 3270 quo
1060 3192 1155 3269 pacto
1177 3178 1373 3268 praecipis?

264 3317 433 3404 Propertio
470 3331 579 3386 autem
614 3324 727 3388 iuveni
759 3326 885 3410 priscus
916 3322 1011 3389 verbi
1042 3346 1118 3388 usus
1150 3321 1312 3410 placuisse
1343 3319 1484 3406 videtur,

264 3448 340 3490 nam
364 3428 399 3491 in
423 3428 529 3514 quinti
553 3428 631 3494 libri
657 3429 697 3495 el.
721 3431 741 3496 9
767 3440 799 3496 et
821 3454 919 3496 versu
942 3428 986 3495 55
1008 3430 1161 3517 praebet:

477 3561 668 3647 ι1616111616
689 3563 771 3627 viris
794 3563 972 3628 metuenda
994 3563 1069 3649 lege
1092 3565 1238 3650 piatur,

538 3668 631 3764 Quae
655 3692 690 3734 66
713 3669 861 3736 submota
883 3671 1033 3736 vindicat
1054 3693 1121 3737 ara
1143 3668 1233 3736 casa?

264 3819 292 3884 q.
316 3821 342 3864 6.
366 3799 513 3866 verenda
535 3801 610 3888 lege
633 3804 688 3891 pie
716 3804 898 3870 custoditur
925 3813 958 3870 61
985 3828 1005 3871 6
1031 3806 1176 3870 virorum
1204 3803 1308 3870 oculis
1335 3803 1483 3870 defendi·

262 3912 332 3987 tur3
357 3915 390 3971 et
413 3907 559 3972 eiusdem
583 3911 739 3976 carminis
761 3934 859 3978 versu
882 3908 942 3976 25:

445 4039 563 4126 ,Luem
585 4040 626 4106 ab
650 4041 800 4108 umbroso
824 4042 948 4109 iecerat
970 4042 1049 4108 orbe
1072 4065 1199 4128 nemus,

398 4145 577 4214 Femineae
601 4147 673 4214 loca
696 4148 806 4215 clausa
830 4149 911 4215 deae
935 4149 1138 4239 fontesque
1162 4149 1353 4237 piandos‚'

262 4285 320 4351 ubi
344 4287 458 4374 ‘fontes
480 4288 603 4375 piandi’
633 4313 740 4377 neque
764 4290 939 4378 ‘expiandi’
964 4301 1040 4357 sunt
1063 4294 1099 4379 ,61
1122 4293 1175 4356 vir
1198 4314 1240 4364 ex
1264 4292 1311 4356 616
1334 4288 1481 4374 biberet,

262 4401 299 4457 ut
320 4392 473 4460 Kuinoel.
497 4396 653 4485 explicat,
677 4420 783 4484 neque
809 4421 851 4463 ex
873 4399 1085 4484 Hertzbergii
1109 4398 1341 4486 explicatione,
1366 4406 1483 4484 arguta

261 4500 406 4586 profecto
433 4525 472 4567 ac
500 4506 595 4590 mira,
625 4507 688 4591 ‘qui
716 4505 888 4570 sacrificiis
911 4505 1128 4590 adhibentur',
1153 4506 1210 4572 sed
1234 4504 1424 4592 ‘venerandi
1450 4513 1482 4569 et

262 4609 316 4692 pie
340 4607 488 4676 colendi'.
