3326 5390
671 369 888 436 -23..

165 547 316 614 violasse’
345 549 515 628 Heinsius,
544 544 648 632 ,Quod
678 544 762 610 nolis
792 556 916 610 nostros
947 544 1115 610 evoluisse’
1147 544 1388 628 Lachmannus,

167 654 275 740 ,Quod
302 655 369 719 noli
398 662 522 718 nostros
549 652 615 717 heu
637 650 784 716 violasse’
808 652 947 736 Keilius,
975 652 1056 737 ,Quo
1080 651 1181 716 nolim
1208 661 1388 730 nostrosfite

164 760 316 826 violasse’
347 760 540 841 Muellerus,
567 757 787 823 Baehrensius
818 758 960 845 denique
992 757 1161 845 ,Conatum
1191 768 1315 825 nostros
1346 782 1387 824 en

164 868 317 933 violasse'
354 870 575 934 coniecerunt.
612 866 703 929 Inter
735 888 814 951 quas
850 865 1003 930 Muelleri
1037 866 1223 932 emendatio
1256 875 1389 953 propter

166 975 362 1041 facilitatem
386 977 594 1042 coniecturae
619 984 651 1039 et
674 973 899 1056 elocutionem,
924 995 1021 1059 quam
1044 973 1189 1059 praebet,
1213 997 1291 1040 vere
1314 974 1389 1038 Pro-

165 1084 352 1168 pertianam
385 1083 528 1146 maxime
560 1081 641 1144 mihi
673 1078 790 1166 placet.
828 1081 899 1145 Nec
931 1103 1045 1146 sensus
1078 1080 1212 1146 distichi
1251 1105 1290 1146 ea
1322 1103 1389 1146 cor-

165 1199 300 1254 rectura
332 1190 466 1254 effectus
497 1209 563 1251 non
595 1185 734 1273 quadrat
766 1196 798 1250 et
827 1186 869 1250 ad
899 1188 1087 1250 universam
1118 1185 1258 1272 elegiam
1287 1198 1320 1252 et
1347 1187 1389 1252 ad

164 1297 341 1360 Ponticum
369 1297 523 1378 amicum,
552 1295 619 1377 cui,
647 1315 841 1379 quamquam
872 1295 967 1357 timet
995 1292 1050 1379 (cf.
1081 1292 1121 1357 el.
1147 1293 1176 1376 I,
1206 1295 1251 1376 9),
1279 1303 1388 1359 tamen

167 1426 236 1469 non
274 1411 363 1490 optat
393 1403 511 1467 amoris
546 1403 708 1466 cruciatus
740 1412 843 1486 poeta.
877 1398 1032 1465 Attamen
1070 1424 1122 1465 me
1155 1401 1291 1466 haerere
1323 1424 1389 1467 non

167 1511 312 1576 diffiteor
335 1512 370 1573 in
394 1530 444 1592 eo,
468 1507 554 1595 quod
578 1511 612 1572 in
637 1507 751 1572 eadem
777 1509 940 1572 sententia
967 1509 1108 1592 primum
1137 1507 1177 1572 de
1204 1510 1302 1573 unius
1326 1507 1389 1591 dei,

165 1617 299 1682 Amoris
315 1617 455 1699 scilicet,
479 1639 558 1680 arcu
574 1617 694 1700 agitur,
719 1617 774 1701 qui
798 1624 907 1679 tamen
928 1613 1016 1678 idem
1033 1614 1154 1680 deinde
1179 1615 1390 1702 conpluribus

166 1726 240 1790 deis
272 1724 436 1789 tribuitur.
474 1722 707 1787 Infelicissime
742 1723 808 1786 suis
841 1720 987 1806 partibus
1023 1730 1071 1786 est
1102 1723 1204 1808 ipsius
1235 1722 1388 1787 Muelleri

166 1833 396 1918 interpretatio
430 1832 548 1918 ,Nostri
579 1840 687 1894 autem
715 1828 769 1893 dei
799 1838 874 1893 sunt
901 1827 1002 1892 Amor
1029 1840 1062 1894 et
1091 1829 1218 1914 Venus,
1246 1839 1282 1895 ut
1308 1829 1389 1894 alibi

165 1939 256 2026 apud
278 1936 502 2025 Propertium’.
525 1936 615 2018 Quid
639 1938 727 2001 enim
743 1935 867 2000 Veneri
893 1958 966 2000 cum
983 1935 1085 2001 areu?
1107 1938 1210 2001 Immo
1234 1937 1275 2002 de
1292 1935 1389 2022 Oupi·
1461 2011 1463 2017 ,

165 2045 315 2130 dinibus,
339 2047 366 2109 si
383 2046 430 2108 ite
445 2045 587 2130 scripsit,
612 2045 769 2129 cogitavit
792 2043 823 2106 h.
839 2043 859 2106 l.
874 2052 981 2129 poeta,
1005 2065 1084 2130 quos
1099 2045 1145 2128 H,
1170 2045 1200 2129 9,
1212 2045 1260 2110 38
1277 2045 1387 2110 iubet:

365 2204 467 2289 ίΤθίει,
490 2225 613 2290 precor,
636 2205 746 2289 pueri,
768 2203 907 2288 promite
931 2214 1026 2268 acuta
1048 2202 1171 2291 magis!

165 2361 233 2442 Qui
270 2362 358 2426 idem
392 2362 482 2427 locus
515 2384 713 2447 magnopere
749 2360 955 2446 commendat
988 2361 1078 2426 illam
1111 2363 1387 2454 emendationem,

164 2471 286 2555 quique
318 2470 417 2557 plane
451 2471 520 2534 eius
552 2471 725 2533 veritatem
755 2468 953 2551 vindicaret,
984 2471 1048 2534 nisi
1080 2471 1242 2535 artissima
1269 2469 1385 2535 vocum

165 2576 265 2663 ,puer’
290 2586 322 2641 et
346 2573 441 2662 ,deos’
465 2577 652 2641 coniunctio
676 2575 853 2663 quidquam
876 2575 969 2642 dubii
993 2578 1161 2642 retineret.

163 2723 351 2812 intepere,
374 2726 460 2813 quod
483 2693 639 2793 traditum
663 2738 711 2793 est

272 2860 310 2944 V,
336 2861 369 2944 l,
395 2860 458 2925 124
482 2860 534 2946 ,Et
557 2860 647 2924 lacus
670 2861 803 2925 aestivis
827 2861 979 2947 intepet
1001 2859 1127 2926 Umber
1150 2861 1260 2949 aquis’.
1328 2901 1332 2908 ·

165 3004 263 3086 Quod
285 3003 436 3086 verbum,
461 2981 560 3068 etiam
584 3001 664 3068 Stat.
687 3002 790 3068 Theb.
814 3003 849 3080 2,
873 3003 937 3069 376
961 3003 1130 3087 traditum,
1160 3007 1296 3074 minime
1324 3006 1384 3072 La-

164 3113 271 3175 tinum
296 3133 378 3192 esse,
403 3109 635 3174 Lachmannus
651 3109 694 3174 ad
709 3110 806 3174 Lucr.
822 3110 856 3192 2,
873 3110 934 3174 301
953 3110 1073 3196 optime
1098 3114 1263 3199 exposuit,
1287 3137 1385 3178 sensu

164 3239 291 3305 quoque
316 3239 427 3282 carere
451 3217 513 3282 hoc
536 3216 606 3280 loco
630 3226 743 3281 contra
765 3217 868 3281 Henr.
891 3217 1036 3282 Nissenii
1061 3218 1154 3300 (Mus.
1176 3218 1282 3286 Rhen.
1305 3220 1385 3306 XX,

164 3324 229 3388 219
253 3325 310 3410 sq.)
335 3322 589 3409 explicationem
612 3323 698 3388 bene
722 3322 908 3388 observavit
932 3325 1011 3389 Luc.
1037 3324 1231 3409 Muellerus,'
1254 3329 1310 3413 qui
1339 3327 1384 3392 fa-

163 3428 287 3494 cillime
312 3438 344 3493 et
366 3430 606 3495 verisimillime
631 3432 773 3495 coniecit
797 3431 832 3514 ,si
856 3427 963 3516 tepet',
992 3430 1078 3516 quod
1103 3432 1253 3517 praefero
1280 3433 1383 3497 Baeh-

163 3537 265 3601 rensii
290 3547 470 3602 commento
494 3547 538 3623 ,ut
560 3537 676 3624 tepet'3
700 3540 857 3625 optimum
878 3539 966 3602 enim
983 3561 1113 3603 sensum
1129 3536 1211 3603 mihi
1226 3539 1382 3605 videntur

163 3642 322 3728 praebere
345 3666 471 3728 versus,
495 3646 521 3709 si
545 3644 742 3710 Muellerum
766 3646 929 3732 sequaris:

375 3793 458 3878 ,Qua
480 3792 637 3858 nebulosa
661 3816 740 3859 cavo
763 3803 852 3859 rorat
873 3793 1029 3859 Mevania
1052 3817 1166 3882 campo
1272 3789 1274 3794 ’

427 3900 472 3964 Et
494 3899 584 3966 lacus
608 3902 741 3965 aestivis
764 3903 796 3965 si
820 3910 929 3987 tepet
951 3901 1077 3968 Umber
1100 3901 1209 3989 aquis!

269 4060 347 4127 Sine
371 4060 471 4126 dubio
494 4071 602 4127 autem
625 4063 840 4150 Propertiana
865 4072 941 4128 sunt
969 4061 1065 4148 haee,
1093 4085 1228 4152 quorum
1255 4066 1380 4151 primus

162 4169 316 4235 tradidit:

161 4333 326 4407 intinere
348 4338 411 4420 ΠΙ,
438 4336 491 4421 15,
515 4339 535 4404 6
559 4361 711 4424 ,mseu
734 4341 840 4404 varios
864 4341 1010 4406 incinit
1034 4361 1089 4406 ore
1112 4339 1245 4407 modosl'

162 4495 258 4578 Quod
279 4496 418 4563 verbum
440 4506 571 4584 praeter
593 4498 799 4585 Propertium
822 4520 917 4564 nemo
943 4501 1007 4565 nisi
1035 4499 1137 4566 multo
1164 4510 1288 4587 postca*
1304 4500 1380 4567 Gel-

162 4602 224 4668 lius
256 4601 356 4668 habet
388 4601 418 4686 I,
452 4603 505 4688 11,
539 4604 580 4668 12
615 4627 775 4691 ,numeros
812 4616 845 4672 et
881 4607 991 4674 modos
1027 4617 1060 4674 et
1095 4607 1379 4696 frequentamenta
