3326 5390
661 422 875 487 ,35-

159 598 312 665 adhiberi
335 622 391 665 suo
414 599 484 665 1666
499 599 693 666 videbimus.
716 600 813 682 Quod
827 623 953 689 quoque
970 601 1149 668 censebant
1163 603 1376 690 singulariter

159 705 233 771 fieri
256 707 452 793 interpretes
475 706 624 772 vocibus:

158 844 272 916 11161111
293 849 323 933 Ι,
348 850 381 931 8,
405 850 465 915 21:

288 973 381 1059 ,Nam
403 997 455 1039 me
479 995 544 1039 non
567 973 655 1040 ullae
678 983 831 1062 poterunt
854 996 1061 1063 eorrumpere
1083 975 1240 1059 taedae',

157 1111 262 1184 faces
284 1115 330 1198 H,
355 1114 383 1198 l,
407 1117 426 1182 8
451 1116 567 1203 ι06661
589 1139 715 1204 possem
739 1127 860 1204 nuptae
882 1119 1021 1206 perdere
1045 1139 1154 1184 amore
1178 1117 1299 1184 faces'.

156 1239 260 1304 Recte
284 1262 356 1305 eam
384 1243 580 1306 sententiam
608 1241 765 1307 refutavit
790 1243 1033 1327 Lachmannus,
1062 1245 1119 1330 qui
1147 1242 1190 1308 ad
1215 1242 1264 1324 H,
1293 1242 1327 1326 1,
1355 1243 1374 1308 8

157 1345 405 1431 demonstravit,
430 1350 528 1414 etiam
551 1348 642 1414 hisce
665 1348 746 1414 locis
769 1331 911 1415 amorem
939 1351 1129 1436 significari.
1158 1347 1285 1437 ,Taeda'
1309 1349 1378 1437 qni·

155 1452 231 1518 dem
252 1476 290 1518 ea
312 1475 438 1540 quoque
459 1455 604 1537 notione,
628 1453 774 1521 absolute
798 1455 839 1521 de
856 1478 977 1541 amore,
1001 1456 1214 1543 singulariter
1229 1456 1290 1521 hoo
1306 1454 1376 1520 looo

109 1561 117 1570 '
154 1560 295 1643 dicitur,
319 1583 401 1648 quae
424 1583 503 1625 vero
527 1584 625 1627 causa
647 1583 712 1627 non
733 1561 848 1629 debuit
870 1585 1002 1629 movere
1017 1562 1256 1629 Baehrensium
1272 1563 1374 1647 (misc.

155 1669 227 1731 crit.
242 1690 272 1754 p.
291 1667 354 1750 74),
370 1677 419 1751 ut,
443 1667 529 1754 quod
552 1678 739 1755 corruptum
757 1669 966 1736 tradiderunt
984 1669 1114 1736 codices
1138 1669 1187 1757 ,de
1203 1668 1255 1754 te',
1278 1669 1376 1756 quod-

155 1795 219 1860 que
242 1772 317 1838 Itali
346 1776 411 1840 iam
438 1776 583 1840 omnium
611 1775 751 1842 adsensu
774 1775 1029 1863 expediverunt,
1051 1785 1233 1863 reponeret
1259 1775 1376 1842 Altera

58 1951 63 1960 ,
154 1890 265 1946 autem
288 1903 368 1947 voce
392 1880 465 1969 ,fax'
490 1905 529 1947 ea
551 1883 792 1968 significatione
815 1885 864 1948 uti
888 1883 993 1950 solent
1017 1893 1049 1949 61
1064 1883 1123 1949 6111
1140 1894 1173 1950 61
1186 1884 1375 1969 Propertius

154 1987 256 2074 (apud
283 2011 380 2075 quem
406 1991 537 2075 proprio
565 2011 662 2054 sensu
688 1988 811 2074 legitur
841 1989 870 2072 Ι,
894 1989 928 2072 3,
954 1991 1015 2073 10,
1045 1991 1099 2074 16,
1124 1992 1162 2073 8,
1184 1989 1231 2073 Π,
1255 1990 1290 2074 8,
1312 1987 1373 2072 32,

155 2094 212 2179 Ν,
237 2092 291 2178 15,
316 2096 374 2179 16,
397 2095 436 2179 V,
461 2097 494 2180 6,
518 2094 590 2178 30):

261 2219 290 2303 Ι,
316 2219 371 2304 13,
394 2219 437 2284 26
462 2220 554 2306 ι11661
577 2221 639 2286 tibi
662 2243 728 2286 non
752 2221 880 2308 tepidas
902 2219 1050 2287 subdidit
1074 2219 1132 2286 1116
1154 2218 1259 2305 faces',

271 2324 310 2409 V,
334 2327 369 2411 4,
394 2326 436 2391 70
459 2324 606 2413 ,Culpam
629 2326 688 2392 alit
712 2337 745 2392 et
767 2327 878 2415 plures
902 2327 1014 2393 condit
1037 2329 1072 2392 in
1095 2348 1166 2392 ossa
1189 2325 1285 2393 faces'

154 2473 212 2538 pro
243 2473 394 2537 ,amorem
425 2453 550 2519 inicere
580 2453 634 2518 vel
667 2451 797 2540 augere'
833 2463 878 2536 et,
909 2452 967 2518 ubi
997 2462 1111 2540 aperta
1143 2455 1372 2540 conparatione

154 2556 314 2645 loquitur:
337 2557 376 2640 V,
400 2559 433 2642 3,
457 2559 519 2625 49:

261 2684 386 2770 ,Omnis
409 2706 499 2748 amor
522 2706 673 2770 magnus,
697 2683 754 2748 sed
778 2693 889 2770 aperto
913 2686 948 2748 in
973 2685 1113 2770 coniuge
1136 2686 1257 2750 maior:

311 2791 408 2856 Hanc
430 2790 552 2874 Venus,
575 2801 612 2856 ut
634 2793 732 2874 vivat,
756 2791 896 2857 ventilat
919 2793 989 2878 ipsa
1012 2790 1136 2857 faoem'.

152 2914 311 2980 Eiusdem
344 2917 433 2980 vocis
465 2915 563 2982 aliam
598 2938 724 3002 quoque
755 2914 978 3001 metaphoram
1010 2916 1189 2981 instituisse
1221 2914 1371 2980 videtur:

152 3045 228 3088 nam
260 3022 347 3110 quod
373 3023 561 3110 Propertius
591 3025 728 3110 primus,
760 3022 818 3088 sed
844 3045 904 3111 per
931 3022 1168 3110 adpositionem
1198 3023 1239 3088 de
1267 3022 1370 3089 oeulis

153 3129 239 3195 dixit
260 3129 303 3212 Π,
328 3131 357 3213 3,
383 3130 424 3195 14

148 3224 152 3232 ¹
356 3255 438 3341 ,Non
461 3255 561 3338 oculi,
584 3257 749 3340 geminae,
773 3254 883 3320 sidera
905 3263 1028 3339 nostra,
1050 3250 1156 3337 faces',

152 3399 291 3466 quocum
307 3377 347 3442 cf.
363 3376 539 3444 81614611
557 3382 590 3460 1,
618 3380 691 3462 164,
716 3379 818 3461 idem,
842 3377 946 3460 nullo,
971 3400 1033 3465 quo
1055 3378 1252 3464 explicetur,
1268 3377 1369 3443 verbo

151 3485 263 3551 addito
292 3505 350 3571 pro
380 3485 482 3552 oculis
510 3485 646 3552 adhibet
672 3486 744 3552 Val.
774 3486 884 3551 Flacc.
912 3484 945 3567 5,
976 3486 1027 3552 38.
1061 3483 1370 3550 Commemorandus

53 3579 57 3592 ¹
152 3592 294 3678 denique
319 3602 367 3658 est
389 3595 418 3658 is
440 3617 530 3676 usus,
555 3599 617 3680 quo
641 3592 821 3682 symbolice
838 3591 952 3657 eadem
975 3614 1040 3657 vox
1062 3593 1204 3678 ponitur.
1227 3592 1312 3657 llam
1337 3601 1369 3656 61

151 3719 209 3784 pro
233 3700 356 3786 nuptiis
381 3700 470 3781 (vide
492 3699 532 3783 V,
557 3702 610 3784 11,
636 3700 678 3767 33
703 3700 743 3764 61.
766 3697 805 3782 V,
829 3699 863 3782 3,
893 3699 933 3763 13
957 3708 990 3763 61
1013 3696 1125 3784 ‘taeda'
1149 3697 1206 3780 IV,
1232 3697 1284 3782 18,
1313 3696 1376 3784 25),

152 3814 185 3870 61
207 3827 265 3891 pro
288 3815 391 3872 morte
415 3807 468 3890 (61.
495 3807 551 3890 Ν,
582 3808 634 3889 12,
664 3806 722 3888 11,
745 3805 784 3888 V,
810 3807 864 3888 ll,
891 3804 945 3891 10)
969 3805 1050 3889 dici,
1077 3807 1280 3870 notissimum
1304 3812 1369 3886 est3

151 3920 323 4001 utrumque
347 3921 456 3979 autem
480 3916 690 3980 coniunctum
712 3915 837 4000 primus
859 3911 994 3999 protulit
1016 3912 1110 4000 Prop.

232 4045 271 4131 V,
297 4045 351 4131 11,
374 4046 416 4111 46
441 4045 602 4134 ,Viximus
624 4049 773 4134 insignes
796 4047 901 4111 inter
923 4053 1125 4134 utramque
1149 4043 1289 4127 facem',

152 4202 291 4266 quacum
314 4181 478 4246 sententia
501 4180 541 4246 61.
565 4179 626 4245 Ov.
648 4180 720 4246 fast.
743 4180 772 4264 2,
795 4177 858 4244 561
883 4201 945 4267 sq.:

258 4311 381 4400 ,Conde
403 4324 487 4398 tuas,
510 4313 721 4402 Hymenaee,
744 4315 845 4398 faces,
870 4323 902 4378 61
925 4311 966 4378 ab
990 4310 1123 4397 ignibus
1146 4312 1225 4376 atris

309 4418 429 4487 Aufer:
452 4420 576 4488 habent
599 4421 679 4489 alias
702 4431 825 4487 moesta
848 4419 999 4508 sepulcra
1021 4416 1126 4483 faces!

152 4552 215 4618 Pro
237 4556 361 4641 nuptiis
388 4553 479 4620 aliud
506 4561 632 4643 quoque
661 4558 848 4642 nuptiarum
876 4555 1007 4639 insigne
1031 4573 1114 4617 novo
1137 4551 1231 4617 modo
1254 4575 1274 4618 a
1295 4553 1371 4617 Pro-

151 4663 257 4746 pertio
280 4663 429 4748 ponitur:
