3326 5390
813 432 1028 498 ,62-

440 611 469 693 Ι,
495 611 548 694 15,
571 611 593 676 4
616 611 674 697 ιΤιι
696 620 806 676 tamen
829 613 865 676 in
888 619 996 677 nostro
1019 611 1128 678 lenta
1149 613 1265 678 timore
1287 611 1399 696 venis',

313 767 341 832 q.
366 767 392 809 e.
415 743 464 808 nil
486 743 663 832 quidquam
684 746 766 810 meis
789 747 876 810 curis
898 754 992 829 mota,
1015 743 1074 812 sod
1095 745 1226 832 frigida,
1249 756 1285 812 ut
1307 767 1432 834 quoque

432 878 498 959 ΙΠ,
521 879 554 961 6,
580 877 622 944 14
644 879 723 964 ‘Nec
746 877 828 943 mihi
850 878 991 965 ploranti
1015 877 1123 945 lenta
1145 877 1260 944 sedere
1282 878 1404 967 potest,

313 1031 419 1097 neque
441 1009 540 1075 aliam
562 1011 652 1075 vocis
674 1011 839 1076 notionem
863 1009 1122 1096 intellegendam
1146 1033 1216 1077 esse

389 1142 513 1208 ibidem
536 1143 579 1209 22
601 1144 740 1230 ‘Mecum
763 1143 878 1210 habuit
900 1145 1040 1232 positum
1062 1143 1171 1209 lenta
1192 1142 1304 1231 puella
1326 1143 1438 1231 caput',

312 1277 522 1361 antecedens,
545 1299 608 1365 quo
632 1276 755 1364 ‘lentus’
779 1289 891 1367 aperte
914 1277 1108 1363 declaratur,
1131 1276 1227 1344 docet
1248 1301 1379 1344 versus:

493 1409 679 1495 (Pulsabant
700 1410 758 1477 alii
782 1411 902 1477 frustra
924 1410 1152 1499 dominamque
1176 1402 1354 1477 vocabant'.

312 1543 568 1630 Languidioram
598 1555 707 1612 autem
738 1556 770 1611 et
800 1541 958 1630 frigidum
993 1545 1029 1610 in
1061 1563 1169 1609 amoro
1200 1546 1365 1630 significat
1391 1548 1517 1632 (aperta

312 1672 385 1716 cum
408 1650 540 1717 amandi
563 1651 701 1718 verbum
724 1651 871 1735 addatur,
894 1650 1088 1734 sententia):

437 1777 467 1860 I,
491 1776 525 1860 6,
552 1777 592 1843 12
616 1775 656 1864 ‘A
676 1785 803 1864 pereat,
826 1777 853 1842 si
877 1777 949 1863 quis
971 1775 1102 1840 lentus
1125 1797 1234 1841 amare
1256 1773 1384 1861 poteatl'

313 1909 434 1976 deinde
457 1910 520 1994 ΠΙ,
546 1910 574 1995 7,
597 1909 617 1974 8
642 1959 673 1996 ‹-
697 1959 704 1974 .
727 1960 734 1973 .
757 1958 765 1972 .
789 1918 822 1976 et
844 1907 931 1974 dixit
954 1909 1099 1995 ‘siccine,
1122 1907 1224 1991 lente,
1247 1906 1365 1974 iaces‘l'

417 2044 474 2127 IV,
497 2043 553 2128 23,
579 2043 619 2110 12
642 2043 785 2130 irascor,
807 2040 985 2130 quoniam's
1008 2042 1128 2126 lente,
1151 2050 1294 2108 moratus
1314 2041 1411 2125 heri’3
1449 2056 1450 2060 ’

312 2175 377 2260 111,
400 2175 455 2259 31,
479 2173 521 2241 25
545 2183 665 2254 autom,
689 2173 746 2239 ubi
771 2172 949 2262 Cynthiam
972 2174 1133 2262 adpellat:

418 2309 534 2396 ,Lenta
554 2308 661 2375 bibis:
684 2308 813 2375 mediae
836 2317 1004 2396 nequount
1026 2318 1059 2374 te
1082 2308 1236 2395 frangere
1258 2306 1389 2391 noctes',

314 2441 438 2530 duplici
466 2442 561 2508 modo
589 2443 695 2529 accipi
725 2451 830 2530 potest
861 2440 985 2528 ‘lenta’:
1015 2441 1176 2509 declarari
1206 2453 1311 2530 potest
1340 2443 1525 2529 insequenti

314 2549 450 2638 ‘mediae
473 2559 642 2637 nequeunt
665 2549 746 2637 eqa’,
770 2551 817 2615 ita
838 2558 874 2614 ut
896 2549 1061 2634 significet
1081 2547 1271 2636 ‘infragilisss
1295 2550 1337 2615 de
1352 2571 1415 2637 quo
1430 2571 1526 2614 sensu

314 2679 411 2743 supra
439 2656 593 2738 vidimus,
623 2655 740 2721 melius
769 2663 878 2722 autam
901 2655 943 2721 de
966 2677 1074 2721 amore
1098 2657 1351 2744 interpretamur
1375 2678 1417 2721 ex
1439 2665 1527 2721 ante·

315 2760 447 2829 cedenti
469 2785 580 2828 versu:

488 2887 570 2973 ¹Non
593 2885 687 2952 audis
710 2895 743 2952 et
764 2885 867 2952 verba
890 2887 970 2952 sinis
993 2909 1067 2953 mea
1089 2887 1203 2954 ludere
1227 2937 1234 2952 .
1258 2938 1265 2952 .
1288 2939 1296 2952 .
1319 2889 1335 2952 .’

314 3019 371 3103 IV,
396 3019 424 3101 7,
448 3019 491 3084 20
513 3019 675 3107 denique:

464 3145 548 3232 ‘Non
571 3154 620 3210 est
642 3153 732 3209 certa
753 3143 843 3227 fides,
867 3166 964 3231 quam
978 3164 1044 3210 non
1068 3146 1190 3210 iniuria
1211 3155 1337 3211 versat:

525 3250 682 3316 Hostibus
705 3251 837 3316 eveniat
859 3249 966 3316 lenta
987 3251 1124 3338 puella
1145 3251 1235 3318 meia'

313 3406 352 3448 ea
382 3380 494 3468 puella
524 3381 623 3449 lenta.
646 3381 776 3466 dicitur,
814 3404 911 3469 quam
943 3384 1065 3449 iniuria
1096 3383 1137 3449 ab
1168 3392 1313 3450 'amatore
1346 3382 1459 3468 inlata,
1491 3391 1525 3448 ut

314 3492 480 3572 irascatur,
503 3511 569 3556 non
592 3497 783 3554 commovet.
1374 3531 1377 3544 ,

419 3595 503 3661 Tum
534 3593 659 3683 ‘lentus'
689 3594 730 3661 de
761 3596 808 3661 eis
839 3595 975 3680 dicitur,
1004 3619 1087 3684 quae
1115 3597 1150 3661 in
1180 3595 1288 3685 aliquo
1315 3606 1403 3663 motu
1430 3596 1525 3684 longe
1628 3547 1629 3592 t

315 3703 447 3786 durant,
472 3709 568 3789 atque
591 3710 668 3766 ante
690 3701 784 3788 Prop.
809 3725 829 3767 a
851 3701 1001 3769 Tibullo:

291 3812 293 3818 '
525 3823 555 3908 Ι,
579 3824 613 3908 3,
636 3826 679 3891 82
702 3824 847 3913 ‘Optabit
868 3825 974 3891 lentas
998 3825 1135 3892 etmihi
1158 3825 1310 3911 militias,

315 3958 373 4026 ubi
404 3967 515 4024 tamen
549 3955 702 4024 tardandi
740 3966 834 4023 extra
866 3958 997 4025 modum
1034 3960 1122 4024 notio
1158 3959 1370 4044 subauditur:
1405 3963 1529 4047 primns
1627 3981 1628 3996 ³

316 4075 424 4133 autem
446 4064 634 4150 Propertius
655 4063 754 4151 plane
776 4085 835 4151 pro
858 4063 991 4151 ‘longus'
1013 4067 1136 4150 posuit:

383 4187 423 4274 V,
445 4191 478 4272 4,
503 4187 545 4253 10
568 4235 679 4274 .....
695 4237 709 4253 -.
733 4233 740 4250 .
763 4237 770 4252 .
795 4197 806 4251 .’
825 4235 954 4252 .....
976 4188 1112 4255 tubicen
1134 4190 1246 4254 vicina
1269 4187 1398 4255 Curetis

617 4291 699 4360 Cum
723 4302 871 4380 quateret
893 4293 1000 4360 lento
1022 4317 1214 4361 murmure
1237 4317 1316 4361 saxa
1337 4295 1441 4381 Iovis,

319 4453 350 4519 q.
381 4453 410 4495 o.
437 4428 535 4514 longo
565 4435 598 4493 et
626 4426 782 4513 producto
808 4426 906 4493 tubae
933 4449 1019 4494 sono.
1049 4427 1203 4517 Sequitur
1231 4437 1339 4494 autem
1369 4428 1428 4496 Ov.
1453 4453 1531 4496 rem.

320 4559 381 4603 am.
403 4535 485 4601 243:

493 4648 572 4734 ‘Nec
594 4650 672 4714 satis
695 4670 764 4714 esse
787 4659 866 4736 puta
888 4647 1078 4715 discedere:
1101 4650 1208 4718 lentus
1231 4650 1359 4735 abesto'‚

1610 5039 1625 5372 q
