3326 5390
653 419 868 484 ...77-

141 618 230 665 vooe
260 598 390 684 addito,
419 600 466 665 ita
494 605 531 664 ut
559 620 577 664 e
604 599 769 664 sententie
801 619 841 663 ea
870 598 960 664 notio
991 595 1203 685 intellegatur
1233 618 1367 664 neeesse

142 705 201 788 sit,
232 704 297 772 sed
324 707 423 772 etiam
450 704 565 771 eadem
592 703 654 770 hae
681 727 755 770 oum
782 703 920 770 audaoie
946 705 982 770 in
1009 704 1178 771 seorifioiis
1206 726 1243 770 eo
1265 704 1366 771 verbo

142 812 254 878 utitur
278 833 338 900 pro
361 811 523 898 ‘mactari'
541 810 723 898 Utrumque
746 810 847 877 habes
870 813 1080 877 coniunctum
1102 812 1142 895 V,
1167 813 1222 896 10,
1246 810 1288 877 15
1307 834 1367 899 sq.:

259 944 431 1032 luppiter,
452 943 536 1010 haec
557 941 655 1010 hodie
677 942 740 1009 tibi
762 945 923 1010 victima
945 953 1100 1011 corruet
1121 943 1241 1010 Acron.

313 1050 469 1135 Voverat,
493 1059 526 1116 et
548 1049 686 1138 spolium
709 1052 857 1117 corruit
879 1048 950 1117 ille
973 1048 1062 1136 Iovi’,

142 1181 188 1248 de
204 1184 357 1250 victimis
371 1183 435 1268 HI,
452 1184 506 1268 12,
528 1182 570 1248 14
588 1183 753 1270 ‘Haedus
767 1184 825 1250 ubi
841 1194 986 1271 agrestes
1001 1194 1157 1251 corruet
1172 1195 1247 1252 ante
1262 1184 1367 1270 focos,

208 1316 255 1382 ad
279 1340 309 1404 q.
332 1316 372 1382 of.
394 1316 433 1401 V,
456 1317 486 1401 6,
509 1317 530 1382 2
553 1317 606 1404 ‘Et
628 1317 723 1383 eadat
745 1327 822 1384 ente
844 1339 932 1384 meos
955 1319 1022 1384 iota
1043 1320 1184 1385 iuvenca
1205 1318 1309 1386 fooos'

261 1455 329 1524 Sed
355 1458 391 1523 in
417 1456 556 1523 alterum
583 1459 648 1522 iam
674 1479 779 1545 genus
806 1457 931 1546 delapsi
958 1482 1082 1526 sumus:
1111 1483 1188 1527 nam
1216 1461 1368 1527 iunctura

148 1584 280 1648 eorum,
313 1584 396 1651 quae
426 1563 542 1629 ultima
572 1565 775 1649 enumeravi,
807 1565 895 1630 notio
927 1573 1051 1631 mutata
1081 1575 1137 1631 est
1168 1566 1367 1649 Quaestione

147 1672 259 1757 igitur
282 1671 324 1736 de
346 1670 513 1737 vocabulis
535 1693 655 1738 novum
677 1673 713 1737 in
735 1671 866 1738 modum
896 1694 916 1737 a
937 1672 1105 1760 Propertio
1126 1671 1291 1738 translatis
1314 1672 1368 1739 ala

147 1777 260 1843 soluta
288 1777 471 1843 disserendi
497 1778 597 1844 finem
624 1778 717 1844 faoio.
748 1779 841 1862 Quae
864 1801 942 1845 vero
965 1778 1007 1846 de
1030 1781 1190 1847 iuncturis
1212 1780 1306 1845 novis
1327 1802 1366 1846 ao

146 1883 377 1971 peculiaribus
405 1884 488 1949 mihi
516 1885 687 1952 observata
716 1896 749 1952 ot
778 1887 962 1972 conscripta
985 1896 1072 1970 sunt,
1098 1887 1228 1952 tertiam
1251 1885 1367 1951 harum
1471 1905 1474 1912 ·

148 1991 381 2077 quaestionum
408 1990 614 2078 partioulam,
641 2014 737 2079 quam
768 1994 910 2080 primum
941 1992 1073 2060 dabitur
1103 1991 1253 2076 facultas,
1282 1991 1368 2058 foras

149 2094 249 2161 dabo.
