3326 5390
777 331 993 398 ...56-

281 517 400 604 liquet3
424 538 542 601 nempe
558 536 654 600 quam
670 533 775 578 sermo
790 510 922 575 admisit
937 507 1105 574 licentiam
1121 511 1338 596 arripuerunt.
1361 514 1509 596 Tamen,

281 645 364 710 quae
392 624 516 710 primus
544 621 732 707 Propertius
758 618 934 704 praestitit,
964 613 1007 680 ad
1036 617 1106 681 eius
1137 615 1353 684 elocutionem
1381 641 1511 706 cogno

281 730 436 796 scendam
458 728 578 795 valent
601 727 710 810 Quare
735 728 833 792 etiam
856 723 887 789 h.
909 723 930 788 l.
954 743 1256 790 commemoremus:

282 869 423 941 artifex
446 870 609 936 adiective
633 891 653 933 a
674 870 780 954 primo
802 866 896 952 Prop.
918 865 1046 951 passivo
1069 886 1166 930 sensu
1188 877 1396 954 usurpatum:

387 1004 450 1087 III,
470 1004 521 1086 29,
545 1003 564 1068 8
589 1000 758 1088 ,Quattuor
781 996 975 1081 artifices,
997 996 1111 1062 vivida
1134 999 1240 1084 signa,
1263 977 1399 1087 boves',

282 1140 313 1204 h.
337 1161 363 1203 e.
387 1138 523 1223 egregia
546 1144 615 1200 arte
639 1132 832 1199 elaboratae.
856 1130 963 1213 Quam
986 1130 1151 1194 notionem
1174 1134 1273 1197 etiam
1295 1145 1408 1221 postea
1430 1137 1510 1201 fue-

282 1252 372 1327 runt,
395 1244 450 1329 qui
475 1240 695 1337 adhibuerint,
718 1260 814 1304 nemo
837 1247 954 1320 autem,
978 1245 1014 1301 ut
1035 1236 1232 1323 Propertius,
1258 1239 1298 1304 de
1321 1263 1399 1306 vero
1423 1264 1509 1330 quo

283 1351 358 1416 dam
389 1350 540 1433 artificio,
573 1347 632 1412 sed
662 1347 754 1433 quasi
783 1342 940 1408 translate
970 1365 1095 1427 omnes,
1126 1353 1163 1409 ut
1193 1344 1281 1410 Pers.
1313 1347 1346 1431 5,
1378 1349 1424 1413 40
1457 1349 1507 1414 de

282 1456 390 1542 vultu,
418 1456 531 1538 Quint
559 1455 593 1536 9,
616 1454 638 1518 4
665 1453 706 1519 de
729 1460 831 1533 motu,
859 1449 944 1515 Plin.
967 1449 1013 1532 X,
1041 1449 1084 1514 29
1108 1449 1188 1533 (43),
1219 1451 1260 1516 85
1285 1452 1327 1518 de
1350 1459 1507 1541 argutiis,

283 1565 324 1630 al.
347 1567 417 1630 sim.
439 1561 536 1646 VIH,
560 1560 603 1626 60
624 1560 709 1644 (61),
734 1557 815 1639 1503
839 1556 920 1639 XII,
944 1556 986 1621 25
1010 1553 1096 1640 (54),
1122 1557 1202 1640 1153
1230 1557 1331 1625 Solin.
1355 1562 1507 1652 denique

284 1675 327 1740 35
350 1673 477 1761 ,artifici
500 1667 616 1758 plaga'.

390 1777 456 1845 Sed
479 1779 578 1843 etiam
601 1773 768 1862 singulare
792 1773 954 1861 quoddam
977 1775 1074 1841 huius
1096 1777 1229 1860 generis
1251 1777 1405 1864 protulit:

284 1917 468 1990 adsiduus
502 1918 702 1984 adiectivum
741 1926 773 1981 et
805 1915 893 2002 apud
931 1915 1011 1980 alios
1043 1937 1171 2003 semper
1203 1927 1236 1983 et
1268 1919 1357 2005 apud
1394 1922 1508 2006 ipsum

284 2025 455 2118 permultis
488 2025 568 2091 locis
599 2027 706 2090 active
734 2023 867 2106 diotrrm,
899 2044 957 2109 pro
980 2021 1221 2110 ,frequentatus’
1251 2027 1395 2112 posuisse
1419 2026 1508 2091 mihi

285 2133 417 2200 viratu
439 2131 496 2216 rr,
523 2129 571 2214 15,
595 2131 655 2196 ao:

445 2265 499 2352 ,Di
521 2264 653 2347 faciant,
676 2287 750 2329 mea
772 2287 814 2328 ne
837 2274 925 2329 terra
948 2263 1033 2329 locet
1055 2286 1126 2332 ossa
1147 2265 1324 2351 frequenti,

497 2369 572 2452 Qua
593 2370 673 2435 facit
696 2370 858 2436 adsiduo
880 2373 1037 2436 tramite
1060 2371 1175 2457 volgus
1199 2371 1279 2438 iter’.

286 2509 371 2574 Nam
404 2501 538 2592 ‘mames’
569 2525 683 2568 vocem
718 2501 773 2567 hic
804 2523 862 2589 pro
897 2524 993 2568 cursu
1023 2504 1164 2589 positum
1197 2526 1279 2587 esse,
1311 2527 1353 2570 ne
1385 2505 1505 2570 lexicis

287 2614 411 2698 credas,
434 2615 609 2699 insequens
632 2620 741 2675 monet
764 2608 875 2674 brevis
898 2631 1028 2674 versus:

537 2743 599 2830 ,Me
622 2751 713 2828 tegat
735 2740 872 2808 arborea
894 2741 1010 2807 devia
1032 2752 1121 2808 terra
1143 2741 1250 2808 coma’.

173 2900 176 2908 ·
286 2879 338 2946 Ne
361 2881 397 2943 in
421 2877 522 2964 ,vulgi
545 2875 668 2942 semita'
694 2875 865 2964 (quomodo
881 2875 1024 2962 loquitur
1046 2875 1105 2957 111,
1131 2875 1181 2958 17,
1206 2875 1239 2958 1)
1263 2898 1334 2940 sese
1357 2874 1504 2962 sepeliat,

288 2986 440 3050 admonet
464 2983 642 3070 Cynthium
664 2984 865 3068 Propertius,
894 3003 994 3068 quare
1017 2983 1137 3068 optime
1161 3004 1195 3048 se
1219 2980 1318 3046 habet
1341 2991 1374 3046 et
1396 2984 1505 3047 inesse

288 3090 388 3156 debet
418 3091 454 3153 in
482 3086 539 3154 illo
562 3110 661 3152 versu
688 3086 841 3174 publicae
864 3089 938 3152 viae
962 3086 1118 3152 distincta
1145 3089 1424 3172 commemoratio,
1453 3090 1506 3154 sin

289 3205 398 3264 autem
429 3194 470 3260 de
495 3195 551 3282 ,itu
573 3192 755 3281 redituque’
781 3194 895 3277 (Pass.)
919 3196 1061 3280 accipias
1085 3194 1221 3280 ,trames'
1244 3217 1371 3279 vocem,
1396 3205 1429 3261 et
1450 3194 1505 3261 ab·

288 3303 392 3370 undat
413 3310 546 3389 propter
574 3299 800 3366 antecedentis
827 3322 953 3383 versus,
978 3309 1075 3387 ,terra
1101 3301 1274 3388 frequenti'
1303 3300 1386 3367 illud
1413 3302 1506 3389 ,adsi-

289 3411 355 3476 dua
369 3408 508 3475 tramite’
525 3430 633 3495 neque
649 3405 801 3493 analogia
814 3406 1003 3471 vindicatur
1018 3409 1115 3473 unius
1135 3407 1321 3495 Vergiliani
1346 3408 1506 3496 exempli:

289 3543 372 3611 Aen.
396 3542 426 3627 5,
451 3543 514 3609 609
538 3541 617 3629 ,Illa,
639 3543 728 3607 viam
751 3541 899 3607 celerans
921 3564 980 3628 per
1002 3540 1094 3606 mille
1118 3541 1279 3607 coloribus
1302 3565 1414 3608 arcum

542 3648 635 3714 Nulli
657 3651 741 3732 visa,
765 3650 829 3713 cito
852 3648 998 3714 decurrit
1019 3650 1150 3714 tramite
1172 3649 1284 3734 virgo¹,

290 3781 348 3847 ubi
377 3802 444 3845 non
473 3781 582 3844 minus
609 3803 706 3867 quam
733 3781 769 3845 in
795 3780 1008 3867 Propertiano
1036 3781 1106 3846 loco
1133 3780 1280 3868 ambigui
1307 3791 1383 3847 sunt
1404 3784 1503 3847 inter·

290 3897 412 3976 protes,
439 3895 549 3951 utrum
575 3887 707 3973 propria
729 3889 893 3953 sententia
922 3890 1086 3975 accipiant
1113 3889 1258 3976 trames,
1283 3912 1325 3955 an
1348 3889 1502 3954 translato

291 3995 348 4061 illo
370 4017 469 4060 sensu
492 3991 648 4058 inaudito.

396 4099 555 4165 Usitatior
583 4101 680 4164 etiam
710 4100 798 4186 apud
823 4111 934 4187 poetas
963 4111 1010 4167 est
1038 4124 1077 4168 ea
1103 4102 1340 4168 adiectivorum
1362 4105 1502 4169 notionis

291 4208 438 4289 mutatio,
469 4226 532 4293 qua
554 4207 662 4270 activa
690 4208 741 4270 vis
771 4207 919 4291 efficitur,
942 4217 984 4272 'ut
1006 4208 1101 4294 felix,
1124 4208 1251 4294 beatus,
1279 4210 1380 4294 dives,
1404 4210 1443 4276 al.
1466 4212 1502 4275 in

290 4313 384 4399 Prop.
407 4311 448 4377 dc
473 4313 528 4395 cis,
552 4332 634 4398 quae
649 4312 812 4378 fortunam
835 4337 873 4378 ac
889 4313 1022 4381 divitias
1037 4316 1203 4403 praebent.
1226 4317 1371 4383 Rarioris
1394 4326 1502 4383 autem

291 4442 367 4484 usus
390 4421 503 4485 inveni
526 4418 625 4484 haec:

291 4555 475 4630 tremulus
498 4559 539 4626 de
563 4583 608 4645 eo,
632 4560 718 4648 quod
739 4571 913 4629 tremorem
937 4565 1049 4629 inicit:
