3326 5390
795 403 1011 469 ..16-

295 603 479 664 occurrere,
507 600 603 645 nemo
633 577 752 664 nescit)
774 578 901 644 fluviali
924 578 1067 646 Achillis
1094 604 1210 669 corpus
1234 579 1392 647 Simoenti
1415 581 1511 668 adpo

294 693 401 758 situm.

398 797 469 861 Iam
492 817 538 878 ea,
562 815 644 880 quae
667 791 828 860 brevioris
850 793 974 859 formae
998 793 1111 859 indea
1131 815 1211 862 voce
1235 793 1404 880 ,carbasus'
1427 804 1511 860 trac·

292 905 442 985 tavimus,
465 900 630 966 adiectiva
653 922 672 964 a
695 899 906 966 substantivis
923 901 1071 966 derivata
1089 912 1173 966 sunt
1195 902 1354 968 Eiusdem
1377 903 1512 988 generis

293 1008 429 1074 alteram
452 1009 595 1093 speciem
617 1009 653 1072 in
676 1005 821 1072 medium
842 1007 1054 1093 proferamus,
1076 1029 1194 1094 nempe
1218 1031 1267 1091 ea,
1290 1030 1372 1095 quae
1396 1008 1512 1073 adiun-

293 1116 402 1202 gendo
435 1151 487 1202 ,-
515 1113 597 1180 osus'
628 1114 754 1199 fingere
785 1112 890 1178 solent
919 1112 961 1178 de
991 1112 1212 1196 substantivis,
1242 1125 1278 1180 ut
1307 1114 1512 1180 abundantia

293 1223 431 1288 alicuius
461 1223 510 1286 rei
540 1222 754 1307 significetur.
786 1219 879 1302 Quae
907 1218 1066 1292 facillima
1095 1220 1331 1287 adiectivorum
1361 1222 1510 1287 formatio

293 1331 379 1416 epici
394 1329 587 1415 praesertim
611 1329 765 1393 carminis
782 1329 915 1414 propria
938 1336 995 1411 est,
1017 1326 1075 1392 ubi
1091 1327 1301 1393 describendi
1321 1329 1511 1415 saepissime

293 1436 388 1500 datur
410 1433 566 1515 facultas,
594 1455 700 1520 neque
728 1432 812 1498 alius
836 1433 1068 1518 Propertianus
1096 1455 1207 1499 eorum
1235 1445 1283 1501 est
1309 1458 1394 1501 usus.
1422 1435 1509 1500 Nam

291 1565 366 1607 cum
389 1543 424 1606 in
448 1541 566 1605 ceteris
589 1549 740 1626 quattuor
762 1539 857 1604 libris
879 1539 1034 1604 undecim
1057 1539 1255 1605 solummodo
1283 1543 1353 1606 eius
1376 1543 1511 1627 generis

291 1646 526 1736 deprehendas,
551 1649 586 1710 in
609 1645 675 1711 solo
699 1647 812 1732 quinto
835 1643 920 1710 libro
942 1668 1045 1710 unum
1062 1655 1094 1711 et
1116 1630 1237 1732 viginti
1261 1657 1446 1714 occurrunt
1469 1647 1510 1713 In

292 1778 354 1842 quo
377 1776 512 1820 numero
535 1753 718 1838 singularia
741 1762 774 1816 et
796 1773 881 1818 nova
903 1762 979 1817 sunt
1001 1753 1101 1818 haec:

398 1861 490 1927 Solus
512 1861 701 1947 Propertius
724 1858 839 1925 habet:

224 1959 226 1964 V
292 1992 499 2064 hederosus
521 1993 561 2076 V,
584 1993 617 2076 4,
646 1992 666 2059 3
695 1991 812 2078 ,Lucus
840 2001 910 2057 erat
932 1992 1015 2057 felix
1038 1991 1195 2058 hederoso
1223 1991 1373 2058 conditus
1396 1990 1509 2075 antro',

293 2108 324 2173 h.
348 2132 376 2174 e.
398 2118 491 2173 antro
515 2106 639 2172 hedera
661 2104 830 2172 ditissimo.

397 2216 526 2281 Primus
549 2212 670 2278 deinde
694 2212 828 2277 finxisse
851 2211 1000 2277 videtur:

293 2343 500 2432 paludosus
513 2345 552 2430 V,
567 2346 596 2429 6,
614 2345 654 2410 u
671 2343 741 2430 ,Ille
755 2344 963 2431 paludosos
978 2352 1136 2409 memoret
1151 2297 1275 2410 servire
1291 2341 1509 2430 Sycambros,

292 2482 404 2558 postea
427 2470 566 2538 eandem
588 2489 702 2535 vocem
718 2467 974 2557 conposuerunt:
998 2469 1060 2537 0v.
1084 2478 1159 2534 met.
1177 2467 1227 2554 15,
1243 2467 1317 2553 268,
1340 2467 1418 2534 Stat.
1438 2467 1509 2533 silv.

292 2580 351 2664 III,
376 2580 405 2662 2,
430 2579 511 2676 1683
535 2577 592 2643 Sil.
616 2576 644 2662 8,
669 2577 742 2643 602.

293 2726 497 2796 pecorosus
519 2710 558 2794 V,
577 2711 611 2802 9,
630 2693 650 2776 3
675 2709 785 2796 ,Venit
807 2709 848 2775 ad
866 2709 998 2775 eductos
1020 2732 1206 2798 pecorosa
1224 2708 1352 2776 Palatia
1366 2708 1509 2794 montes',

293 2835 387 2901 Unus
414 2844 585 2921 praeterea
612 2835 700 2901 idem
728 2835 863 2901 adhibet
890 2833 1011 2900 Statius
1034 2833 1137 2927 Theb.
1160 2834 1194 2916 4,
1216 2832 1260 2899 45
1273 2855 1509 2923 ,pecorosaque

293 2940 439 3031 Phyllus’
464 2952 496 3007 et
519 2940 599 3006 ibid.
624 2941 677 3026 10,
701 2941 765 3007 227
790 2962 950 3028 ,pecoroso
973 2941 1069 3007 vere’.

293 3071 487 3159 plumosus
509 3074 549 3159 V,
572 3076 601 3158 2,
626 3072 669 3138 34
693 3075 836 3162 ,Faunus
858 3075 1030 3162 plumoso
1053 3099 1124 3140 sum
1148 3075 1228 3142 deus
1251 3073 1410 3163 aucupio',

291 3200 323 3264 h.
347 3224 374 3265 e.
397 3200 525 3287 ,plumis
548 3199 755 3266 abundante'.
782 3200 953 3266 Translate
976 3224 1074 3266 sensu
1089 3200 1130 3265 de
1154 3201 1241 3267 foliis
1264 3202 1352 3266 idem
1374 3199 1509 3264 adiecti·

289 3330 367 3372 vum
391 3316 526 3394 usurpat
547 3306 632 3372 Plin.
655 3330 687 3372 n.
702 3305 733 3370 h
749 3305 857 3390 XXV,
880 3307 909 3390 6,
934 3307 1013 3391 (29),
1037 3305 1079 3373 65
1100 3317 1133 3372 et
1154 3305 1295 3389 XXVII,
1318 3307 1349 3389 8,
1372 3305 1449 3390 (37),
1465 3303 1508 3368 59

291 3414 447 3502 ,plumosa
469 3413 565 3499 folia',
587 3412 680 3480 fibris
703 3416 795 3501 quasi
817 3413 939 3500 plumis
961 3423 1056 3480 tecta.

397 3524 490 3588 Novo
513 3543 639 3610 quoque
662 3520 756 3586 modo
780 3520 958 3586 deductum
981 3544 1051 3587 esse
1074 3530 1226 3607 aposta:

290 3652 482 3726 animosus
504 3655 561 3740 IV,
581 3656 616 3738 8,
640 3654 660 3720 9
684 3652 808 3739 ,Gloria
829 3653 1006 3741 Lysippost
1028 3655 1202 3720 animosa
1224 3654 1382 3741 effingere
1405 3651 1508 3740 signa’

289 3799 370 3861 non,
401 3785 438 3840 ut
469 3776 587 3858 solent,
620 3799 640 3842 a
671 3777 874 3843 substantivo
907 3777 1062 3864 animus,
1093 3786 1130 3842 ut
1162 3787 1246 3843 esset
1278 3778 1370 3844 fortis
1401 3778 1509 3866 (quale

293 3883 382 3949 idem
405 3882 545 3969 legimus
568 3882 607 3966 V,
632 3885 659 3968 1,
683 3883 751 3969 85),
776 3884 835 3950 sed
858 3884 899 3950 ab
923 3883 1059 3970 anima,
1082 3895 1118 3950 ut
1141 3887 1229 3950 vitae
1252 3885 1387 3971 plenum
1410 3886 1510 3971 signi-

291 3992 418 4071 ficaret,
441 4000 530 4056 recte
553 3991 790 4078 Hertnbergius
808 3991 1003 4057 observavit.
1025 3990 1079 4056 Ab
1103 3992 1218 4057 eadem
1240 4013 1320 4057 voce
1344 3991 1509 4058 derivasse

292 4098 381 4163 idem
404 4096 605 4162 adiectivum
627 4098 813 4185 Vergilium
837 4121 888 4185 ge.
912 4099 947 4180 2,
969 4098 1048 4181 441,
1078 4097 1235 4165 Ovidium
1258 4121 1319 4163 am.
1341 4099 1371 4184 I,
1395 4100 1428 4183 6,
1451 4096 1509 4180 513

267 4214 368 4284 met.
390 4205 424 4287 6,
454 4204 518 4269 134
545 4203 633 4269 idem
661 4204 780 4270 docuit
808 4205 955 4290 Uterque
982 4214 1092 4270 autem
1116 4205 1156 4270 de
1181 4204 1318 4291 ,anima',
1344 4227 1424 4272 voce
1451 4227 1509 4293 pro

293 4319 392 4376 vento
413 4311 518 4397 posita
533 4310 706 4397 derivavit,
728 4310 786 4376 ubi
803 4309 924 4376 Graeci
949 4309 1108 4397 ,despecte
1124 4321 1290 4398 usurpant.
1313 4311 1385 4376 Hoc
1401 4322 1510 4378 autem

293 4415 363 4479 loco
387 4412 428 4477 de
443 4414 532 4478 vitae
555 4415 672 4500 spiritu
688 4415 846 4499 cogitavit
866 4421 970 4499 poeta,
994 4415 1041 4478 ita
1055 4420 1092 4477 ut
1111 4411 1290 4498 ,animosus’
1315 4413 1403 4479 idem
1419 4421 1512 4479 sonet

294 4543 332 4586 ac
357 4518 493 4584 Graecis
520 4517 674 4607 ἔμψυχος,
704 4519 861 4607 quomodo
890 4519 991 4606 Verg.
1018 4543 1069 4607 ge.
1097 4520 1132 4603 3,
1161 4521 1204 4587 34
1228 4522 1395 4608 ,spirantia
1418 4518 1511 4603 aera’,

293 4628 480 4712 Propertius
503 4628 573 4712 ipsc
598 4626 719 4712 ,vivida
743 4625 846 4711 signa'
870 4627 929 4708 HI,
954 4628 1005 4711 29,
1029 4628 1048 4693 8
1073 4627 1238 4692 dixerunt.
