3326 5390
663 403 880 468 -13-

162 574 251 644 haud
272 599 346 647 raro
369 601 573 646 commrmem
596 602 636 645 ae
658 589 768 645 notam
791 581 907 645 rariori
930 579 1125 667 posthabuit
1150 582 1247 664 Quod
1268 592 1378 649 autem

162 687 198 750 in
221 686 269 750 eis
292 688 435 752 maxime
459 689 583 772 evenit,
606 710 689 775 quae
712 687 849 753 alteram
871 686 1068 771 breviorem,
1097 687 1232 754 alteram
1255 688 1379 775 longio-

161 815 232 858 rem
255 792 456 861 formationis
479 798 567 863 viam
590 795 807 882 praebebant,
832 798 878 860 ita
898 803 935 858 ut
952 793 1138 862 breviorem
1158 819 1286 886 semper
1308 797 1378 862 fere

162 900 302 986 eligeret
316 902 513 990 Propertius.
536 904 610 985 Qua
625 903 666 969 de
691 927 789 968 causa
810 901 895 967 illud
910 902 1032 967 factum
1054 904 1097 967 sit
1119 925 1139 967 a
1160 911 1268 991 poeta,
1292 899 1378 968 nihil

162 1009 244 1073 certi
260 1007 519 1093 adfirmaverim
542 1021 653 1076 tamen
674 1013 770 1076 metri
794 1011 982 1075 necessitati
998 1031 1072 1073 eum
1087 1007 1276 1074 obsecutum
1300 1031 1378 1092 esse,

163 1123 195 1180 et
225 1124 359 1200 propter
390 1139 542 1202 magnam
575 1117 734 1182 eiusmodi
764 1138 881 1180 vocum
913 1117 1040 1201 copiam
1074 1126 1106 1181 et
1138 1139 1177 1181 ea
1208 1115 1250 1180 de
1282 1137 1380 1180 causa

162 1223 362 1306 negaverim,
386 1223 471 1309 quod
493 1225 670 1310 praecipue
694 1224 931 1289 adiectivorum
946 1245 966 1288 a
981 1223 1102 1286 nomin.
1123 1243 1230 1310 propr.
1253 1221 1380 1288 deriva

161 1335 266 1390 torum
300 1326 468 1394 breviores
506 1331 693 1396 invenimus
727 1331 854 1396 formas.
892 1330 946 1394 Ex
983 1327 1034 1393 his
1071 1349 1198 1415 quoque
1237 1327 1380 1414 aliquam
1460 1365 1462 1370 .

163 1442 299 1518 expecto
324 1435 595 1521 explicationem:
617 1438 702 1502 Nam
723 1460 797 1502 cum
817 1436 985 1502 breviores
1009 1456 1120 1500 eorum
1143 1434 1382 1500 adiectivorum

161 1539 280 1604 formae
309 1550 341 1606 et
367 1543 569 1629 principales
596 1553 628 1609 et
655 1545 856 1631 antiquiores
884 1567 953 1609 esse
981 1551 1118 1626 constet,
1145 1544 1205 1608 vix
1232 1541 1379 1608 dubitem

162 1647 242 1733 quin
265 1649 469 1735 antiquitatis
497 1670 619 1734 amore,
647 1651 714 1734 cui,
741 1658 941 1737 quantopere
969 1669 1091 1714 morem
1115 1650 1255 1734 gesserit
1275 1658 1380 1735 pocta,

161 1754 350 1842 saepissime
380 1755 544 1837 videmus,
580 1778 633 1820 eae
664 1755 867 1842 praetulerit.
898 1751 1049 1820 Alterum
1079 1777 1205 1842 quoque
1234 1755 1402 1836 accedit:¹

163 1859 272 1925 Utin
295 1845 336 1925 ⁴re
365 1863 548 1947 syntectica
576 1861 630 1944 (de
657 1884 721 1950 qua
746 1864 861 1948 partic.
888 1861 949 1927 ΙΠ.
975 1864 1104 1948 agetur)
1133 1872 1179 1929 tot
1202 1863 1382 1931 locutiones

164 1965 348 2051 conpendio
370 1966 525 2054 loquendi
549 1990 653 2036 novae
672 1971 903 2055 pronuntiatae
923 1968 1018 2035 nobis
1036 1968 1255 2035 conferendae
1275 1978 1383 2052 erunt,

163 2075 211 2140 sic
234 2094 360 2160 quoque
383 2072 555 2140 brevitatis
578 2075 721 2142 studium
738 2098 812 2140 cum
835 2075 1039 2163 antiquitatis
1059 2097 1168 2143 amore
1190 2085 1268 2162 puto
1292 2084 1324 2140 et
1347 2076 1383 2138 in

165 2176 226 2243 hae
249 2201 285 2243 re
308 2179 408 2245 fuisse
433 2203 554 2248 causas.

269 2280 518 2349 Adiectivorum
534 2309 554 2350 a
569 2286 690 2350 nomin.
712 2307 819 2370 propr.
833 2282 928 2358 brevi
949 2283 1053 2350 forma
1071 2285 1241 2351 ductorum
1258 2307 1276 2350 6
1299 2304 1383 2348 com-

165 2390 256 2453 muni
287 2393 445 2455 sermonis
476 2389 712 2457 consuetudine
743 2390 885 2475 recepit:
916 2387 1049 2476 ,Actius’
1077 2391 1152 2475 (ΙΠ,
1182 2389 1235 2468 32,
1264 2389 1322 2470 61;
1354 2390 1383 2472 8,

165 2489 227 2574 383
249 2490 289 2575 V,
313 2493 341 2575 6,
368 2493 427 2575 173
451 2492 506 2575 67)
522 2515 581 2579 pro
605 2490 776 2578 ,Actiacus'
801 2491 899 2578 (quod
921 2491 1021 2556 semel
1045 2491 1145 2557 habet
1167 2491 1230 2574 ΙΠ,
1254 2491 1283 2575 l,
1306 2489 1382 2572 44);

167 2597 345 2686 ,Aemiliue’
369 2599 440 2681 (Ν,
464 2600 497 2682 2,
524 2601 557 2682 8)
580 2621 638 2685 pro
662 2596 900 2686 ,Aemilianus’3
924 2598 1095 2684 ,Horatius'
1120 2599 1187 2684 (IV,
1212 2599 1245 2682 2,
1271 2598 1301 2679 7)
1324 2618 1383 2684 pro

167 2702 397 2790 ,Horatianus’3
414 2704 520 2790 ',Ilius’
544 2705 611 2788 (IV,
631 2706 679 2790 12,
704 2707 758 2788 61)
781 2727 839 2792 pro
856 2705 1008 2792 ,Iliacus'3
1032 2703 1222 2792 ,Pompeius'
1245 2698 1315 2789 (Ν,
1334 2703 1383 2786 10,

167 2811 222 2894 68)
253 2833 312 2898 pro
345 2811 594 2897 ,Pompeianus'3
627 2810 786 2898 ,Punicus’
827 2811 898 2896 (IV,
930 2812 963 2894 2,
995 2810 1052 2896 32)
1090 2832 1148 2897 pro
1188 2806 1383 2896 ,Puniceus'3

168 2917 340 3005 ,Romulus'
361 2918 432 3002 (IV,
450 2920 499 3002 10,
519 2918 579 3000 523
602 2919 642 3002 V,
661 2921 690 3003 4,
715 2919 757 2984 26
767 2919 792 3001 ς)
814 2940 874 3004 pro
897 2915 1104 3004 ,Romuleus'3
1129 2915 1291 3002 ,Theseus'
1314 2915 1384 3000 (IV,

167 3027 218 3109 21,
241 3025 297 3110 24)
319 3047 378 3112 pro
401 3024 587 3112 ιΤ11666166ο
609 3023 702 3092 Solus
726 3035 835 3091 autem
857 3023 1028 3111 praebuit:

168 3177 286 3250 Baius
309 3181 350 3247 de
376 3181 519 3269 ,Baiae'
544 3179 743 3269 Campaniae
767 3181 879 3270 oppidi
903 3184 1036 3248 nomine
1058 3182 1189 3248 fictum:

272 3325 298 3409 Ι,
324 3325 373 3409 11,
396 3327 440 3391 30
463 3323 502 3412 ,Α
524 3335 662 3412 pereant
684 3325 795 3410 Baiae,
818 3327 944 3391 crimen
967 3326 1094 3409 amoris,
1117 3346 1220 3412 aquae
1232 3322 1248 3387 l’

169 3464 255 3552 quod
278 3465 478 3532 adieetivum
501 3467 588 3554 apud
611 3467 692 3533 alios
714 3466 865 3534 omnibus
888 3466 967 3532 locis
991 3466 1138 3552 longiore
1159 3465 1263 3530 forma
1285 3464 1386 3550 ,Baia-

170 3569 239 3640 nus’
263 3571 394 3660 legitur.

170 3719 302 3793 Tatius
325 3723 525 3790 adiectivum
548 3745 568 3789 a
592 3723 721 3810 ,Tatius’
746 3721 941 3789 Sabinorum
963 3723 1052 3808 regis
1075 3721 1223 3786 nomine:

236 3869 277 3951 V,
300 3870 330 3952 4,
353 3868 414 3934 31:
438 3869 546 3955 ,ignes
569 3877 747 3934 castrorum
770 3878 803 3934 61
825 3869 961 3934 Tatiae
983 3867 1147 3953 praetoria
1168 3864 1313 3947 turmae’,
1435 3937 1438 3942 ¹

170 4013 263 4077 cuius
295 4012 477 4100 longiorem
508 4012 644 4078 formam
675 4012 792 4077 Festus
821 4035 845 4076 a.
876 4034 907 4074 v.
935 4011 1048 4076 Tatius
1079 4007 1216 4078 tradidit
1248 4008 1387 4094 ,Tatiani

170 4117 329 4186 latrones'.

275 4227 399 4292 Maiore
424 4227 523 4291 etiam
546 4225 683 4290 audacia
707 4226 831 4291 dictum
855 4234 919 4290 est:

170 4374 307 4450 Curius
324 4377 381 4462 IV,
405 4379 435 4462 2,
460 4378 495 4443 7:
520 4379 572 4465 ,Et
594 4381 701 4445 cecini
726 4377 863 4444 Ourios
886 4376 1003 4442 fratres
1026 4384 1059 4440 et
1081 4373 1218 4438 Horatia
1239 4369 1326 4458 pila’.
1405 4362 1408 4370 ’

169 4521 234 4588 Sed
258 4520 420 4586 Curiatios
444 4521 560 4588 fratres
584 4524 766 4587 notissimos
789 4521 958 4586 decurtato
980 4518 1043 4582 hoc
1066 4517 1197 4581 nomine
1221 4513 1389 4602 adpellare

170 4653 234 4694 non
258 4649 371 4694 ausum
396 4651 464 4692 6666
488 4629 692 4715 Propertium
716 4628 814 4693 credo
838 4630 908 4692 sine
934 4625 1091 4711 exemplo.
1130 4622 1310 4706 Vulgarem
1337 4641 1390 4705 po-
