<?xml version="1.0" encoding="UTF-8"?>
<!DOCTYPE html PUBLIC "-//W3C//DTD XHTML 1.0 Transitional//EN"
    "http://www.w3.org/TR/xhtml1/DTD/xhtml1-transitional.dtd">
<html xmlns="http://www.w3.org/1999/xhtml" xml:lang="en" lang="en">
 <head>
  <title>
</title>
<meta http-equiv="Content-Type" content="text/html;charset=utf-8" />
  <meta name='ocr-system' content='tesseract 3.04.00' />
  <meta name='ocr-capabilities' content='ocr_page ocr_carea ocr_par ocr_line ocrx_word'/>
</head>
<body>
  <div class='ocr_page' id='page_1' title='image "./depropertioserm00schngoog_0059.png"; bbox 0 0 3326 5390; ppageno 0'>
   <div class='ocr_carea' id='block_1_1' title="bbox 816 403 1035 469">
    <p class='ocr_par' dir='ltr' id='par_1_1' title="bbox 816 403 1035 469">
     <span class='ocr_line' id='line_1_1' title="bbox 816 403 1035 469; baseline -0.027 -13"><span class='ocrx_word' id='word_1_1' title='bbox 816 403 1035 469; x_wconf 80' lang='lat'>..54-</span> 
     </span>
    </p>
   </div>
   <div class='ocr_carea' id='block_1_2' title="bbox 319 579 1532 754">
    <p class='ocr_par' dir='ltr' id='par_1_2' title="bbox 319 579 1532 754">
     <span class='ocr_line' id='line_1_2' title="bbox 319 579 1532 669; baseline -0.003 -22"><span class='ocrx_word' id='word_1_2' title='bbox 319 581 405 669; x_wconf 90' lang='lat' dir='ltr'><strong>quod</strong></span> <span class='ocrx_word' id='word_1_3' title='bbox 427 580 627 656; x_wconf 83' lang='lat' dir='ltr'><strong>adiectiyum</strong></span> <span class='ocrx_word' id='word_1_4' title='bbox 651 603 690 646; x_wconf 88' lang='lat' dir='ltr'><strong>ea</strong></span> <span class='ocrx_word' id='word_1_5' title='bbox 712 583 875 646; x_wconf 84' lang='lat' dir='ltr'><strong>sententia</strong></span> <span class='ocrx_word' id='word_1_6' title='bbox 897 581 1033 665; x_wconf 85' lang='lat' dir='ltr'><strong>vulgare</strong></span> <span class='ocrx_word' id='word_1_7' title='bbox 1057 580 1127 644; x_wconf 82' lang='lat' dir='ltr'><strong>fuit.</strong></span> <span class='ocrx_word' id='word_1_8' title='bbox 1154 580 1206 644; x_wconf 90' lang='lat' dir='ltr'><strong>De</strong></span> <span class='ocrx_word' id='word_1_9' title='bbox 1234 579 1405 646; x_wconf 73' lang='lat' dir='ltr'><strong>abstractis</strong></span> <span class='ocrx_word' id='word_1_10' title='bbox 1433 581 1532 646; x_wconf 87' lang='lat' dir='ltr'><strong>etiam</strong></span> 
     </span>
     <span class='ocr_line' id='line_1_3' title="bbox 319 685 575 754; baseline -0.008 0"><span class='ocrx_word' id='word_1_11' title='bbox 319 685 470 754; x_wconf 80' lang='lat' dir='ltr'><strong>adhiberi</strong></span> <span class='ocrx_word' id='word_1_12' title='bbox 493 688 575 754; x_wconf 90' lang='lat' dir='ltr'><strong>solet</strong></span> 
     </span>
    </p>
   </div>
   <div class='ocr_carea' id='block_1_3' title="bbox 318 825 1531 915">
    <p class='ocr_par' dir='ltr' id='par_1_3' title="bbox 318 825 1531 915">
     <span class='ocr_line' id='line_1_4' title="bbox 318 825 1531 915; baseline -0.002 -20"><span class='ocrx_word' id='word_1_13' title='bbox 318 825 548 913; x_wconf 65' lang='lat' dir='ltr'><strong>praeteritus</strong></span> <span class='ocrx_word' id='word_1_14' title='bbox 571 836 604 892; x_wconf 89' lang='lat' dir='ltr'><strong>et</strong></span> <span class='ocrx_word' id='word_1_15' title='bbox 626 827 666 893; x_wconf 89' lang='lat' dir='ltr'><strong>ab</strong></span> <span class='ocrx_word' id='word_1_16' title='bbox 682 827 756 892; x_wconf 86' lang='lat' dir='ltr'><strong>aliis</strong></span> <span class='ocrx_word' id='word_1_17' title='bbox 779 837 812 892; x_wconf 91' lang='lat' dir='ltr'><strong>et</strong></span> <span class='ocrx_word' id='word_1_18' title='bbox 827 851 847 892; x_wconf 91' lang='lat' dir='ltr'><strong>a</strong></span> <span class='ocrx_word' id='word_1_19' title='bbox 864 827 1051 914; x_wconf 71' lang='lat' dir='ltr'><strong>Propertio,</strong></span> <span class='ocrx_word' id='word_1_20' title='bbox 1075 825 1116 891; x_wconf 91' lang='lat' dir='ltr'><strong>de</strong></span> <span class='ocrx_word' id='word_1_21' title='bbox 1139 835 1284 914; x_wconf 88' lang='lat' dir='ltr'><strong>tempore</strong></span> <span class='ocrx_word' id='word_1_22' title='bbox 1308 837 1417 892; x_wconf 90' lang='lat' dir='ltr'><strong>autem</strong></span> <span class='ocrx_word' id='word_1_23' title='bbox 1440 849 1531 915; x_wconf 91' lang='lat' dir='ltr'><strong>prae-</strong></span> 
     </span>
    </p>
   </div>
   <div class='ocr_carea' id='block_1_4' title="bbox 318 931 1628 1022">
    <p class='ocr_par' dir='ltr' id='par_1_4' title="bbox 318 931 1628 1022">
     <span class='ocr_line' id='line_1_5' title="bbox 318 931 1628 1022; baseline -0.001 -22"><span class='ocrx_word' id='word_1_24' title='bbox 318 937 426 1022; x_wconf 89' lang='lat' dir='ltr'><strong>cipue,</strong></span> <span class='ocrx_word' id='word_1_25' title='bbox 449 944 486 1000; x_wconf 91' lang='lat' dir='ltr'><strong>ut</strong></span> <span class='ocrx_word' id='word_1_26' title='bbox 509 933 549 1000; x_wconf 91' lang='lat' dir='ltr'><strong>de</strong></span> <span class='ocrx_word' id='word_1_27' title='bbox 573 943 675 998; x_wconf 89' lang='lat' dir='ltr'><strong>morte</strong></span> <span class='ocrx_word' id='word_1_28' title='bbox 698 933 761 1017; x_wconf 91' lang='lat' dir='ltr'><strong>III,</strong></span> <span class='ocrx_word' id='word_1_29' title='bbox 785 933 814 1017; x_wconf 84' lang='lat'><strong>6,</strong></span> <span class='ocrx_word' id='word_1_30' title='bbox 837 932 873 1018; x_wconf 84' lang='lat'><strong>9,</strong></span> <span class='ocrx_word' id='word_1_31' title='bbox 897 933 937 999; x_wconf 88' lang='lat' dir='ltr'><strong>de</strong></span> <span class='ocrx_word' id='word_1_32' title='bbox 962 935 1131 998; x_wconf 83' lang='lat' dir='ltr'><strong>iuventute</strong></span> <span class='ocrx_word' id='word_1_33' title='bbox 1153 932 1210 1016; x_wconf 92' lang='lat' dir='ltr'><strong>IV,</strong></span> <span class='ocrx_word' id='word_1_34' title='bbox 1236 934 1287 1017; x_wconf 88' lang='lat'><strong>10,</strong></span> <span class='ocrx_word' id='word_1_35' title='bbox 1313 931 1339 998; x_wconf 79' lang='lat'><strong>7.</strong></span> <span class='ocrx_word' id='word_1_36' title='bbox 1361 931 1531 999; x_wconf 80' lang='lat' dir='ltr'><strong>Audacius</strong></span> <span class='ocrx_word' id='word_1_37' title='bbox 1627 973 1628 986; x_wconf 67' lang='lat'>2</span> 
     </span>
    </p>
   </div>
   <div class='ocr_carea' id='block_1_5' title="bbox 317 1039 1488 1252">
    <p class='ocr_par' dir='ltr' id='par_1_5' title="bbox 317 1039 1488 1252">
     <span class='ocr_line' id='line_1_6' title="bbox 317 1039 740 1127; baseline -0.009 -19"><span class='ocrx_word' id='word_1_38' title='bbox 317 1051 426 1108; x_wconf 87' lang='lat' dir='ltr'><strong>tamen</strong></span> <span class='ocrx_word' id='word_1_39' title='bbox 450 1050 506 1126; x_wconf 82' lang='lat' dir='ltr'><strong>est,</strong></span> <span class='ocrx_word' id='word_1_40' title='bbox 530 1040 615 1127; x_wconf 93' lang='lat' dir='ltr'><strong>quod</strong></span> <span class='ocrx_word' id='word_1_41' title='bbox 638 1039 740 1105; x_wconf 86' lang='lat' dir='ltr'><strong>dixit:</strong></span> 
     </span>
     <span class='ocr_line' id='line_1_7' title="bbox 362 1163 1488 1252; baseline -0.001 -21"><span class='ocrx_word' id='word_1_42' title='bbox 362 1166 392 1250; x_wconf 92' lang='lat' dir='ltr'><strong>I,</strong></span> <span class='ocrx_word' id='word_1_43' title='bbox 418 1166 471 1249; x_wconf 86' lang='lat'><strong>13,</strong></span> <span class='ocrx_word' id='word_1_44' title='bbox 495 1165 536 1230; x_wconf 77' lang='lat'><strong>27</strong></span> <span class='ocrx_word' id='word_1_45' title='bbox 558 1165 637 1250; x_wconf 70' lang='lat' dir='ltr'><strong>,Nec</strong></span> <span class='ocrx_word' id='word_1_46' title='bbox 660 1165 721 1231; x_wconf 90' lang='lat' dir='ltr'><strong>tibi</strong></span> <span class='ocrx_word' id='word_1_47' title='bbox 744 1166 982 1251; x_wconf 88' lang='lat' dir='ltr'><strong>praeteritos</strong></span> <span class='ocrx_word' id='word_1_48' title='bbox 1004 1174 1127 1252; x_wconf 81' lang='lat' dir='ltr'><strong>passast</strong></span> <span class='ocrx_word' id='word_1_49' title='bbox 1149 1163 1325 1230; x_wconf 79' lang='lat' dir='ltr'><strong>succedere</strong></span> <span class='ocrx_word' id='word_1_50' title='bbox 1349 1164 1488 1248; x_wconf 89' lang='lat' dir='ltr'><strong>fastus&#39;,</strong></span> 
     </span>
    </p>
   </div>
   <div class='ocr_carea' id='block_1_6' title="bbox 317 1296 1530 1387">
    <p class='ocr_par' dir='ltr' id='par_1_6' title="bbox 317 1296 1530 1387">
     <span class='ocr_line' id='line_1_8' title="bbox 317 1296 1530 1387; baseline -0.002 -22"><span class='ocrx_word' id='word_1_51' title='bbox 317 1299 374 1366; x_wconf 90' lang='lat' dir='ltr'><strong>ubi</strong></span> <span class='ocrx_word' id='word_1_52' title='bbox 396 1298 509 1387; x_wconf 90' lang='lat' dir='ltr'><strong>procul</strong></span> <span class='ocrx_word' id='word_1_53' title='bbox 533 1297 632 1364; x_wconf 90' lang='lat' dir='ltr'><strong>dubio</strong></span> <span class='ocrx_word' id='word_1_54' title='bbox 655 1298 820 1384; x_wconf 83' lang='lat' dir='ltr'><strong>significat</strong></span> <span class='ocrx_word' id='word_1_55' title='bbox 843 1298 989 1383; x_wconf 87' lang='lat' dir='ltr'><strong>priores,</strong></span> <span class='ocrx_word' id='word_1_56' title='bbox 1012 1296 1163 1380; x_wconf 80' lang='lat' dir='ltr'><strong>veteres’3</strong></span> <span class='ocrx_word' id='word_1_57' title='bbox 1187 1319 1275 1380; x_wconf 89' lang='lat' dir='ltr'><strong>nam,</strong></span> <span class='ocrx_word' id='word_1_58' title='bbox 1297 1297 1426 1383; x_wconf 88' lang='lat' dir='ltr'><strong>quando</strong></span> <span class='ocrx_word' id='word_1_59' title='bbox 1450 1297 1530 1384; x_wconf 90' lang='lat' dir='ltr'><strong>quid</strong></span> 
     </span>
    </p>
   </div>
   <div class='ocr_carea' id='block_1_7' title="bbox 316 1401 1530 1494">
    <p class='ocr_par' dir='ltr' id='par_1_7' title="bbox 316 1401 1629 1496">
     <span class='ocr_line' id='line_1_9' title="bbox 316 1401 1530 1494; baseline -0.004 -22"><span class='ocrx_word' id='word_1_60' title='bbox 316 1407 494 1494; x_wconf 89' lang='lat' dir='ltr'><strong>praeteriit,</strong></span> <span class='ocrx_word' id='word_1_61' title='bbox 517 1425 583 1470; x_wconf 93' lang='lat' dir='ltr'><strong>non</strong></span> <span class='ocrx_word' id='word_1_62' title='bbox 606 1404 745 1491; x_wconf 88' lang='lat' dir='ltr'><strong>amplius</strong></span> <span class='ocrx_word' id='word_1_63' title='bbox 765 1402 926 1468; x_wconf 86' lang='lat' dir='ltr'><strong>humanae</strong></span> <span class='ocrx_word' id='word_1_64' title='bbox 951 1413 999 1469; x_wconf 91' lang='lat' dir='ltr'><strong>est</strong></span> <span class='ocrx_word' id='word_1_65' title='bbox 1021 1403 1196 1469; x_wconf 89' lang='lat' dir='ltr'><strong>voluntatis</strong></span> <span class='ocrx_word' id='word_1_66' title='bbox 1212 1401 1372 1489; x_wconf 86' lang='lat' dir='ltr'><strong>inpedire,</strong></span> <span class='ocrx_word' id='word_1_67' title='bbox 1395 1427 1437 1470; x_wconf 90' lang='lat' dir='ltr'><strong>ne</strong></span> <span class='ocrx_word' id='word_1_68' title='bbox 1461 1426 1530 1469; x_wconf 89' lang='lat' dir='ltr'><strong>suc·</strong></span> 
     </span>
    </p>
   </div>
   <div class='ocr_carea' id='block_1_8' title="bbox 317 1509 1443 1722">
    <p class='ocr_par' dir='ltr' id='par_1_8' title="bbox 317 1509 1443 1722">
     <span class='ocr_line' id='line_1_10' title="bbox 317 1509 1293 1580; baseline -0.002 -4"><span class='ocrx_word' id='word_1_69' title='bbox 317 1512 419 1580; x_wconf 86' lang='lat' dir='ltr'><strong>cedat</strong></span> <span class='ocrx_word' id='word_1_70' title='bbox 443 1511 536 1578; x_wconf 86' lang='lat' dir='ltr'><strong>Solus</strong></span> <span class='ocrx_word' id='word_1_71' title='bbox 559 1521 668 1577; x_wconf 89' lang='lat' dir='ltr'><strong>autem</strong></span> <span class='ocrx_word' id='word_1_72' title='bbox 691 1510 733 1576; x_wconf 91' lang='lat' dir='ltr'><strong>de</strong></span> <span class='ocrx_word' id='word_1_73' title='bbox 756 1509 943 1576; x_wconf 88' lang='lat' dir='ltr'><strong>hominibus</strong></span> <span class='ocrx_word' id='word_1_74' title='bbox 966 1533 1041 1576; x_wconf 89' lang='lat' dir='ltr'><strong>usus</strong></span> <span class='ocrx_word' id='word_1_75' title='bbox 1065 1521 1113 1576; x_wconf 89' lang='lat' dir='ltr'><strong>est</strong></span> <span class='ocrx_word' id='word_1_76' title='bbox 1136 1532 1175 1575; x_wconf 89' lang='lat' dir='ltr'><strong>ea</strong></span> <span class='ocrx_word' id='word_1_77' title='bbox 1196 1531 1293 1576; x_wconf 89' lang='lat' dir='ltr'><strong>voce:</strong></span> 
     </span>
     <span class='ocr_line' id='line_1_11' title="bbox 402 1630 1443 1722; baseline -0.004 -21"><span class='ocrx_word' id='word_1_78' title='bbox 402 1635 466 1720; x_wconf 90' lang='grc' dir='ltr'><strong>ΠΙ,</strong></span> <span class='ocrx_word' id='word_1_79' title='bbox 489 1633 523 1719; x_wconf 87' lang='grc'><strong>5,</strong></span> <span class='ocrx_word' id='word_1_80' title='bbox 547 1635 589 1700; x_wconf 88' lang='grc'><strong>36</strong></span> <span class='ocrx_word' id='word_1_81' title='bbox 614 1635 687 1722; x_wconf 71' lang='lat' dir='ltr'><strong>,Fas</strong></span> <span class='ocrx_word' id='word_1_82' title='bbox 710 1645 758 1701; x_wconf 90' lang='lat' dir='ltr'><strong>est</strong></span> <span class='ocrx_word' id='word_1_83' title='bbox 780 1636 1017 1722; x_wconf 90' lang='lat' dir='ltr'><strong>praeteritos</strong></span> <span class='ocrx_word' id='word_1_84' title='bbox 1040 1656 1167 1721; x_wconf 88' lang='lat' dir='ltr'><strong>semper</strong></span> <span class='ocrx_word' id='word_1_85' title='bbox 1190 1655 1298 1699; x_wconf 88' lang='lat' dir='ltr'><strong>amare</strong></span> <span class='ocrx_word' id='word_1_86' title='bbox 1321 1630 1443 1715; x_wconf 84' lang='lat' dir='ltr'><strong>viros&#39;,</strong></span> 
     </span>
    </p>
   </div>
   <div class='ocr_carea' id='block_1_9' title="bbox 315 1765 1545 2387">
    <p class='ocr_par' dir='ltr' id='par_1_9' title="bbox 316 1765 1545 1962">
     <span class='ocr_line' id='line_1_12' title="bbox 316 1765 1545 1856; baseline -0.002 -22"><span class='ocrx_word' id='word_1_87' title='bbox 316 1792 344 1856; x_wconf 93' lang='lat' dir='ltr'><strong>q.</strong></span> <span class='ocrx_word' id='word_1_88' title='bbox 368 1793 395 1835; x_wconf 92' lang='lat' dir='ltr'><strong>e.</strong></span> <span class='ocrx_word' id='word_1_89' title='bbox 410 1771 497 1834; x_wconf 90' lang='lat' dir='ltr'><strong>viros</strong></span> <span class='ocrx_word' id='word_1_90' title='bbox 520 1767 699 1852; x_wconf 87' lang='lat' dir='ltr'><strong>defunctos,</strong></span> <span class='ocrx_word' id='word_1_91' title='bbox 722 1777 871 1851; x_wconf 88' lang='lat' dir='ltr'><strong>mortuos,</strong></span> <span class='ocrx_word' id='word_1_92' title='bbox 894 1789 957 1854; x_wconf 90' lang='lat' dir='ltr'><strong>quo</strong></span> <span class='ocrx_word' id='word_1_93' title='bbox 979 1767 1077 1854; x_wconf 87' lang='lat' dir='ltr'><strong>plane</strong></span> <span class='ocrx_word' id='word_1_94' title='bbox 1093 1790 1191 1833; x_wconf 82' lang='lat' dir='ltr'><strong>sensu</strong></span> <span class='ocrx_word' id='word_1_95' title='bbox 1207 1765 1326 1832; x_wconf 79' lang='lat' dir='ltr'><strong>Graeci</strong></span> <span class='ocrx_word' id='word_1_96' title='bbox 1351 1765 1545 1852; x_wconf 74' lang='grc' dir='ltr'><strong>,οἰχόμενος”</strong></span> 
     </span>
     <span class='ocr_line' id='line_1_13' title="bbox 317 1873 802 1962; baseline -0.008 -22"><span class='ocrx_word' id='word_1_97' title='bbox 317 1884 349 1940; x_wconf 91' lang='lat' dir='ltr'><strong>et</strong></span> <span class='ocrx_word' id='word_1_98' title='bbox 372 1874 611 1962; x_wconf 61' lang='grc' dir='ltr'><strong>,παροιχόμενοέ</strong></span> <span class='ocrx_word' id='word_1_99' title='bbox 634 1873 802 1940; x_wconf 90' lang='lat' dir='ltr'><strong>adhibent.</strong></span> 
     </span>
    </p>

    <p class='ocr_par' dir='ltr' id='par_1_10' title="bbox 315 1979 1528 2387">
     <span class='ocr_line' id='line_1_14' title="bbox 420 1979 1527 2068; baseline -0.002 -22"><span class='ocrx_word' id='word_1_100' title='bbox 420 1980 645 2067; x_wconf 84' lang='lat' dir='ltr'><strong>Adiungenda</strong></span> <span class='ocrx_word' id='word_1_101' title='bbox 671 1991 746 2047; x_wconf 90' lang='lat' dir='ltr'><strong>sunt</strong></span> <span class='ocrx_word' id='word_1_102' title='bbox 773 1981 837 2046; x_wconf 89' lang='lat' dir='ltr'><strong>duo</strong></span> <span class='ocrx_word' id='word_1_103' title='bbox 863 1981 944 2068; x_wconf 86' lang='lat' dir='ltr'><strong>perf.</strong></span> <span class='ocrx_word' id='word_1_104' title='bbox 971 1981 1145 2067; x_wconf 89' lang='lat' dir='ltr'><strong>participia</strong></span> <span class='ocrx_word' id='word_1_105' title='bbox 1173 1979 1409 2046; x_wconf 89' lang='lat' dir='ltr'><strong>adiectivorum</strong></span> <span class='ocrx_word' id='word_1_106' title='bbox 1438 1999 1527 2044; x_wconf 92' lang='lat' dir='ltr'><strong>more</strong></span> 
     </span>
     <span class='ocr_line' id='line_1_15' title="bbox 315 2086 1528 2176; baseline -0.002 -24"><span class='ocrx_word' id='word_1_107' title='bbox 315 2091 427 2176; x_wconf 80' lang='lat' dir='ltr'><strong>posita,</strong></span> <span class='ocrx_word' id='word_1_108' title='bbox 451 2087 569 2175; x_wconf 89' lang='lat' dir='ltr'><strong>quibus</strong></span> <span class='ocrx_word' id='word_1_109' title='bbox 591 2087 792 2173; x_wconf 83' lang='lat' dir='ltr'><strong>singularem</strong></span> <span class='ocrx_word' id='word_1_110' title='bbox 808 2086 1016 2152; x_wconf 88' lang='lat' dir='ltr'><strong>obtruserunt</strong></span> <span class='ocrx_word' id='word_1_111' title='bbox 1038 2089 1202 2151; x_wconf 91' lang='lat' dir='ltr'><strong>notionem</strong></span> <span class='ocrx_word' id='word_1_112' title='bbox 1218 2087 1421 2171; x_wconf 88' lang='lat' dir='ltr'><strong>interpretes,</strong></span> <span class='ocrx_word' id='word_1_113' title='bbox 1444 2106 1528 2171; x_wconf 88' lang='lat' dir='ltr'><strong>quac</strong></span> 
     </span>
     <span class='ocr_line' id='line_1_16' title="bbox 316 2191 1528 2281; baseline -0.005 -20"><span class='ocrx_word' id='word_1_114' title='bbox 316 2205 426 2262; x_wconf 91' lang='lat' dir='ltr'><strong>tamen</strong></span> <span class='ocrx_word' id='word_1_115' title='bbox 453 2195 584 2281; x_wconf 92' lang='lat' dir='ltr'><strong>proprio</strong></span> <span class='ocrx_word' id='word_1_116' title='bbox 611 2216 653 2259; x_wconf 87' lang='lat' dir='ltr'><strong>ex</strong></span> <span class='ocrx_word' id='word_1_117' title='bbox 680 2216 778 2258; x_wconf 89' lang='lat' dir='ltr'><strong>sensu</strong></span> <span class='ocrx_word' id='word_1_118' title='bbox 804 2203 893 2259; x_wconf 88' lang='lat' dir='ltr'><strong>recte</strong></span> <span class='ocrx_word' id='word_1_119' title='bbox 921 2193 1169 2278; x_wconf 86' lang='lat' dir='ltr'><strong>intelleguntur.</strong></span> <span class='ocrx_word' id='word_1_120' title='bbox 1189 2191 1255 2258; x_wconf 88' lang='lat' dir='ltr'><strong>Sed</strong></span> <span class='ocrx_word' id='word_1_121' title='bbox 1282 2215 1355 2258; x_wconf 88' lang='lat' dir='ltr'><strong>cum</strong></span> <span class='ocrx_word' id='word_1_122' title='bbox 1382 2193 1448 2257; x_wconf 90' lang='lat' dir='ltr'><strong>sint</strong></span> <span class='ocrx_word' id='word_1_123' title='bbox 1474 2191 1528 2256; x_wconf 93' lang='lat' dir='ltr'><strong>ob·</strong></span> 
     </span>
     <span class='ocr_line' id='line_1_17' title="bbox 316 2299 842 2387; baseline -0.006 -20"><span class='ocrx_word' id='word_1_124' title='bbox 316 2303 468 2384; x_wconf 87' lang='lat' dir='ltr'><strong>scuriora,</strong></span> <span class='ocrx_word' id='word_1_125' title='bbox 493 2299 711 2387; x_wconf 82' lang='lat' dir='ltr'><strong>explicatione</strong></span> <span class='ocrx_word' id='word_1_126' title='bbox 735 2309 842 2386; x_wconf 83' lang='lat' dir='ltr'><strong>egent</strong></span> 
     </span>
    </p>
   </div>
   <div class='ocr_carea' id='block_1_10' title="bbox 316 2441 1380 2652">
    <p class='ocr_par' dir='ltr' id='par_1_11' title="bbox 316 2441 1380 2652">
     <span class='ocr_line' id='line_1_18' title="bbox 316 2441 1114 2529; baseline -0.01 -17"><span class='ocrx_word' id='word_1_127' title='bbox 316 2443 495 2527; x_wconf 77' lang='lat' dir='ltr'><strong>acceptus</strong></span> <span class='ocrx_word' id='word_1_128' title='bbox 518 2441 686 2529; x_wconf 87' lang='lat' dir='ltr'><strong>explicant</strong></span> <span class='ocrx_word' id='word_1_129' title='bbox 707 2465 765 2529; x_wconf 90' lang='lat' dir='ltr'><strong>pro</strong></span> <span class='ocrx_word' id='word_1_130' title='bbox 790 2441 935 2527; x_wconf 67' lang='lat' dir='ltr'><strong>,mutuus&#39;</strong></span> <span class='ocrx_word' id='word_1_131' title='bbox 958 2443 1114 2528; x_wconf 90' lang='lat' dir='ltr'><strong>positum:</strong></span> 
     </span>
     <span class='ocr_line' id='line_1_19' title="bbox 466 2561 1380 2652; baseline -0.004 -20"><span class='ocrx_word' id='word_1_132' title='bbox 466 2567 495 2650; x_wconf 94' lang='lat' dir='ltr'><strong>I,</strong></span> <span class='ocrx_word' id='word_1_133' title='bbox 518 2568 553 2650; x_wconf 92' lang='grc'><strong>4,</strong></span> <span class='ocrx_word' id='word_1_134' title='bbox 579 2565 618 2631; x_wconf 90' lang='grc'><strong>16</strong></span> <span class='ocrx_word' id='word_1_135' title='bbox 643 2566 724 2652; x_wconf 75' lang='lat' dir='ltr'><strong>,Hoc</strong></span> <span class='ocrx_word' id='word_1_136' title='bbox 745 2567 851 2651; x_wconf 87' lang='lat' dir='ltr'><strong>magis</strong></span> <span class='ocrx_word' id='word_1_137' title='bbox 873 2573 1008 2651; x_wconf 87' lang='lat' dir='ltr'><strong>accepta</strong></span> <span class='ocrx_word' id='word_1_138' title='bbox 1029 2563 1116 2629; x_wconf 86' lang='lat' dir='ltr'><strong>fallit</strong></span> <span class='ocrx_word' id='word_1_139' title='bbox 1137 2573 1274 2650; x_wconf 87' lang='lat' dir='ltr'><strong>uterque</strong></span> <span class='ocrx_word' id='word_1_140' title='bbox 1296 2561 1380 2629; x_wconf 87' lang='lat' dir='ltr'><strong>fide’.</strong></span> 
     </span>
    </p>
   </div>
   <div class='ocr_carea' id='block_1_11' title="bbox 314 2695 1632 3637">
    <p class='ocr_par' dir='ltr' id='par_1_12' title="bbox 314 2695 1632 3637">
     <span class='ocr_line' id='line_1_20' title="bbox 316 2695 1528 2780; baseline -0.001 -14"><span class='ocrx_word' id='word_1_141' title='bbox 316 2699 382 2766; x_wconf 86' lang='lat' dir='ltr'><strong>Sed</strong></span> <span class='ocrx_word' id='word_1_142' title='bbox 405 2701 476 2764; x_wconf 89' lang='lat' dir='ltr'><strong>iure</strong></span> <span class='ocrx_word' id='word_1_143' title='bbox 499 2698 580 2765; x_wconf 93' lang='lat' dir='ltr'><strong>mihi</strong></span> <span class='ocrx_word' id='word_1_144' title='bbox 603 2698 759 2765; x_wconf 89' lang='lat' dir='ltr'><strong>videntur</strong></span> <span class='ocrx_word' id='word_1_145' title='bbox 780 2696 923 2762; x_wconf 86' lang='lat' dir='ltr'><strong>haesisse</strong></span> <span class='ocrx_word' id='word_1_146' title='bbox 939 2697 1108 2780; x_wconf 86' lang='lat' dir='ltr'><strong>Heinsius,</strong></span> <span class='ocrx_word' id='word_1_147' title='bbox 1130 2695 1345 2762; x_wconf 87' lang='lat' dir='ltr'><strong>Marklandus</strong></span> <span class='ocrx_word' id='word_1_148' title='bbox 1368 2708 1401 2763; x_wconf 87' lang='lat' dir='ltr'><strong>ct</strong></span> <span class='ocrx_word' id='word_1_149' title='bbox 1422 2701 1528 2765; x_wconf 85' lang='lat' dir='ltr'><strong>novis·</strong></span> 
     </span>
     <span class='ocr_line' id='line_1_21' title="bbox 315 2802 1527 2892; baseline -0.001 -21"><span class='ocrx_word' id='word_1_150' title='bbox 315 2808 396 2871; x_wconf 90' lang='lat' dir='ltr'><strong>simo</strong></span> <span class='ocrx_word' id='word_1_151' title='bbox 419 2815 564 2892; x_wconf 91' lang='lat' dir='ltr'><strong>tempore</strong></span> <span class='ocrx_word' id='word_1_152' title='bbox 586 2805 612 2870; x_wconf 90' lang='grc' dir='ltr'><strong>Ι.</strong></span> <span class='ocrx_word' id='word_1_153' title='bbox 634 2802 801 2890; x_wconf 85' lang='lat' dir='ltr'><strong>Weidgen</strong></span> <span class='ocrx_word' id='word_1_154' title='bbox 829 2802 989 2886; x_wconf 79' lang='lat' dir='ltr'><strong>(Quaestt.</strong></span> <span class='ocrx_word' id='word_1_155' title='bbox 1011 2803 1126 2888; x_wconf 88' lang='lat' dir='ltr'><strong>Propp.</strong></span> <span class='ocrx_word' id='word_1_156' title='bbox 1149 2803 1166 2867; x_wconf 95' lang='grc' dir='ltr'>Ι</span> <span class='ocrx_word' id='word_1_157' title='bbox 1187 2825 1219 2889; x_wconf 92' lang='lat' dir='ltr'><strong>p.</strong></span> <span class='ocrx_word' id='word_1_158' title='bbox 1243 2803 1263 2867; x_wconf 89' lang='lat'><strong>3</strong></span> <span class='ocrx_word' id='word_1_159' title='bbox 1285 2825 1392 2890; x_wconf 89' lang='lat' dir='ltr'><strong>progr.</strong></span> <span class='ocrx_word' id='word_1_160' title='bbox 1415 2827 1527 2892; x_wconf 88' lang='lat' dir='ltr'><strong>gymn.</strong></span> 
     </span>
     <span class='ocr_line' id='line_1_22' title="bbox 316 2909 1527 2999; baseline 0.002 -24"><span class='ocrx_word' id='word_1_161' title='bbox 316 2909 498 2976; x_wconf 73' lang='lat' dir='ltr'><strong>confluent</strong></span> <span class='ocrx_word' id='word_1_162' title='bbox 522 2911 634 2992; x_wconf 87' lang='grc'><strong>1881),</strong></span> <span class='ocrx_word' id='word_1_163' title='bbox 663 2911 718 2996; x_wconf 92' lang='lat' dir='ltr'><strong>qui</strong></span> <span class='ocrx_word' id='word_1_164' title='bbox 746 2918 835 2974; x_wconf 89' lang='lat' dir='ltr'><strong>recte</strong></span> <span class='ocrx_word' id='word_1_165' title='bbox 863 2918 974 2974; x_wconf 92' lang='lat' dir='ltr'><strong>monet</strong></span> <span class='ocrx_word' id='word_1_166' title='bbox 1001 2909 1094 2995; x_wconf 68' lang='lat' dir='ltr'><strong>,Nam</strong></span> <span class='ocrx_word' id='word_1_167' title='bbox 1120 2928 1185 2973; x_wconf 93' lang='lat' dir='ltr'><strong>non</strong></span> <span class='ocrx_word' id='word_1_168' title='bbox 1214 2930 1251 2973; x_wconf 92' lang='lat' dir='ltr'><strong>eo</strong></span> <span class='ocrx_word' id='word_1_169' title='bbox 1280 2909 1367 2996; x_wconf 89' lang='lat' dir='ltr'><strong>quod</strong></span> <span class='ocrx_word' id='word_1_170' title='bbox 1392 2914 1527 2999; x_wconf 88' lang='lat' dir='ltr'><strong>accipit,</strong></span> 
     </span>
     <span class='ocr_line' id='line_1_23' title="bbox 315 3014 1632 3104; baseline 0.002 -21"><span class='ocrx_word' id='word_1_171' title='bbox 315 3017 373 3083; x_wconf 90' lang='lat' dir='ltr'><strong>sed</strong></span> <span class='ocrx_word' id='word_1_172' title='bbox 396 3016 482 3104; x_wconf 92' lang='lat' dir='ltr'><strong>quod</strong></span> <span class='ocrx_word' id='word_1_173' title='bbox 502 3018 571 3103; x_wconf 90' lang='lat' dir='ltr'><strong>ipse</strong></span> <span class='ocrx_word' id='word_1_174' title='bbox 596 3015 651 3080; x_wconf 92' lang='lat' dir='ltr'><strong>dat</strong></span> <span class='ocrx_word' id='word_1_175' title='bbox 670 3014 770 3080; x_wconf 89' lang='lat' dir='ltr'><strong>fidem</strong></span> <span class='ocrx_word' id='word_1_176' title='bbox 791 3025 824 3079; x_wconf 90' lang='lat' dir='ltr'><strong>et</strong></span> <span class='ocrx_word' id='word_1_177' title='bbox 843 3025 963 3099; x_wconf 88' lang='lat' dir='ltr'><strong>servat,</strong></span> <span class='ocrx_word' id='word_1_178' title='bbox 986 3026 1122 3102; x_wconf 87' lang='lat' dir='ltr'><strong>uterque</strong></span> <span class='ocrx_word' id='word_1_179' title='bbox 1142 3016 1248 3080; x_wconf 89' lang='lat' dir='ltr'><strong>invidi</strong></span> <span class='ocrx_word' id='word_1_180' title='bbox 1267 3019 1527 3103; x_wconf 86' lang='lat' dir='ltr'><strong>expectationem</strong></span> <span class='ocrx_word' id='word_1_181' title='bbox 1631 3091 1632 3102; x_wconf 34' lang='lat'><strong>,</strong></span> 
     </span>
     <span class='ocr_line' id='line_1_24' title="bbox 314 3109 1632 3212; baseline 0.002 -24"><span class='ocrx_word' id='word_1_182' title='bbox 314 3124 496 3189; x_wconf 76' lang='lat' dir='ltr'><strong>frustratim.</strong></span> <span class='ocrx_word' id='word_1_183' title='bbox 526 3123 641 3210; x_wconf 84' lang='lat' dir='ltr'><strong>Neque</strong></span> <span class='ocrx_word' id='word_1_184' title='bbox 672 3123 826 3187; x_wconf 90' lang='lat' dir='ltr'><strong>continuo</strong></span> <span class='ocrx_word' id='word_1_185' title='bbox 855 3131 990 3209; x_wconf 88' lang='lat' dir='ltr'><strong>accepta</strong></span> <span class='ocrx_word' id='word_1_186' title='bbox 1015 3122 1097 3186; x_wconf 89' lang='lat' dir='ltr'><strong>fides</strong></span> <span class='ocrx_word' id='word_1_187' title='bbox 1124 3143 1181 3208; x_wconf 91' lang='lat' dir='ltr'><strong>pro</strong></span> <span class='ocrx_word' id='word_1_188' title='bbox 1211 3131 1324 3187; x_wconf 92' lang='lat' dir='ltr'><strong>mutua</strong></span> <span class='ocrx_word' id='word_1_189' title='bbox 1352 3122 1428 3208; x_wconf 77' lang='lat' dir='ltr'><strong>est3’</strong></span> <span class='ocrx_word' id='word_1_190' title='bbox 1459 3148 1524 3212; x_wconf 89' lang='lat' dir='ltr'><strong>eqs.</strong></span> <span class='ocrx_word' id='word_1_191' title='bbox 1631 3109 1632 3118; x_wconf 8' lang='grc' dir='ltr'>ἵ</span> 
     </span>
     <span class='ocr_line' id='line_1_25' title="bbox 314 3226 1527 3318; baseline 0 -22"><span class='ocrx_word' id='word_1_192' title='bbox 314 3231 439 3296; x_wconf 86' lang='lat' dir='ltr'><strong>Tamen</strong></span> <span class='ocrx_word' id='word_1_193' title='bbox 463 3229 671 3312; x_wconf 89' lang='lat' dir='ltr'><strong>coniecturis,</strong></span> <span class='ocrx_word' id='word_1_194' title='bbox 699 3249 836 3315; x_wconf 87' lang='lat' dir='ltr'><strong>quarum</strong></span> <span class='ocrx_word' id='word_1_195' title='bbox 859 3226 938 3293; x_wconf 89' lang='lat' dir='ltr'><strong>dant</strong></span> <span class='ocrx_word' id='word_1_196' title='bbox 959 3227 1116 3292; x_wconf 90' lang='lat' dir='ltr'><strong>Heinsius</strong></span> <span class='ocrx_word' id='word_1_197' title='bbox 1145 3226 1291 3313; x_wconf 69' lang='lat' dir='ltr'><strong>,asserte’,</strong></span> <span class='ocrx_word' id='word_1_198' title='bbox 1318 3229 1436 3295; x_wconf 88' lang='lat' dir='ltr'><strong>Markl.</strong></span> <span class='ocrx_word' id='word_1_199' title='bbox 1463 3231 1527 3318; x_wconf 72' lang='lat' dir='ltr'><strong>,ad-</strong></span> 
     </span>
     <span class='ocr_line' id='line_1_26' title="bbox 315 3330 1525 3423; baseline 0.002 -22"><span class='ocrx_word' id='word_1_200' title='bbox 315 3335 429 3420; x_wconf 88' lang='lat' dir='ltr'><strong>ducta’,</strong></span> <span class='ocrx_word' id='word_1_201' title='bbox 452 3334 584 3420; x_wconf 87' lang='lat' dir='ltr'><strong>Weidg.</strong></span> <span class='ocrx_word' id='word_1_202' title='bbox 608 3355 694 3420; x_wconf 71' lang='lat' dir='ltr'><strong>,ecce</strong></span> <span class='ocrx_word' id='word_1_203' title='bbox 709 3330 772 3420; x_wconf 86' lang='lat' dir='ltr'><strong>pia’</strong></span> <span class='ocrx_word' id='word_1_204' title='bbox 797 3353 862 3397; x_wconf 95' lang='lat' dir='ltr'><strong>non</strong></span> <span class='ocrx_word' id='word_1_205' title='bbox 882 3354 961 3419; x_wconf 91' lang='lat' dir='ltr'><strong>opus</strong></span> <span class='ocrx_word' id='word_1_206' title='bbox 984 3355 1053 3398; x_wconf 89' lang='lat' dir='ltr'><strong>esse</strong></span> <span class='ocrx_word' id='word_1_207' title='bbox 1071 3332 1153 3397; x_wconf 90' lang='lat' dir='ltr'><strong>mihi</strong></span> <span class='ocrx_word' id='word_1_208' title='bbox 1169 3333 1308 3417; x_wconf 87' lang='lat' dir='ltr'><strong>videtur,</strong></span> <span class='ocrx_word' id='word_1_209' title='bbox 1331 3336 1389 3401; x_wconf 88' lang='lat' dir='ltr'><strong>sed</strong></span> <span class='ocrx_word' id='word_1_210' title='bbox 1403 3338 1525 3423; x_wconf 91' lang='lat' dir='ltr'><strong>optime</strong></span> 
     </span>
     <span class='ocr_line' id='line_1_27' title="bbox 315 3437 1526 3527; baseline 0 -19"><span class='ocrx_word' id='word_1_211' title='bbox 315 3440 408 3508; x_wconf 91' lang='lat' dir='ltr'><strong>codd.</strong></span> <span class='ocrx_word' id='word_1_212' title='bbox 434 3438 585 3527; x_wconf 68' lang='lat' dir='ltr'><strong>,accepta’</strong></span> <span class='ocrx_word' id='word_1_213' title='bbox 608 3449 694 3504; x_wconf 91' lang='lat' dir='ltr'><strong>stare</strong></span> <span class='ocrx_word' id='word_1_214' title='bbox 715 3439 874 3522; x_wconf 86' lang='lat' dir='ltr'><strong>existimo,</strong></span> <span class='ocrx_word' id='word_1_215' title='bbox 897 3440 924 3503; x_wconf 82' lang='lat' dir='ltr'><strong>si</strong></span> <span class='ocrx_word' id='word_1_216' title='bbox 946 3437 1076 3524; x_wconf 85' lang='lat' dir='ltr'><strong>vulgari</strong></span> <span class='ocrx_word' id='word_1_217' title='bbox 1092 3440 1223 3503; x_wconf 90' lang='lat' dir='ltr'><strong>notione</strong></span> <span class='ocrx_word' id='word_1_218' title='bbox 1245 3461 1304 3526; x_wconf 92' lang='lat' dir='ltr'><strong>pro</strong></span> <span class='ocrx_word' id='word_1_219' title='bbox 1327 3441 1454 3527; x_wconf 71' lang='lat' dir='ltr'><strong>,gratus&#39;</strong></span> <span class='ocrx_word' id='word_1_220' title='bbox 1478 3445 1526 3508; x_wconf 91' lang='lat' dir='ltr'><strong>in-</strong></span> 
     </span>
     <span class='ocr_line' id='line_1_28' title="bbox 314 3545 1525 3637; baseline -0.002 -22"><span class='ocrx_word' id='word_1_221' title='bbox 314 3557 538 3637; x_wconf 89' lang='lat' dir='ltr'><strong>terpretamur.</strong></span> <span class='ocrx_word' id='word_1_222' title='bbox 559 3545 656 3629; x_wconf 79' lang='lat' dir='ltr'><strong>Quod</strong></span> <span class='ocrx_word' id='word_1_223' title='bbox 671 3545 803 3632; x_wconf 90' lang='lat' dir='ltr'><strong>quidem</strong></span> <span class='ocrx_word' id='word_1_224' title='bbox 818 3566 1015 3632; x_wconf 84' lang='lat' dir='ltr'><strong>magnopere</strong></span> <span class='ocrx_word' id='word_1_225' title='bbox 1033 3546 1252 3610; x_wconf 90' lang='lat' dir='ltr'><strong>commendari</strong></span> <span class='ocrx_word' id='word_1_226' title='bbox 1266 3546 1398 3612; x_wconf 86' lang='lat' dir='ltr'><strong>videtur</strong></span> <span class='ocrx_word' id='word_1_227' title='bbox 1411 3570 1525 3615; x_wconf 88' lang='lat' dir='ltr'><strong>versu:</strong></span> 
     </span>
    </p>
   </div>
   <div class='ocr_carea' id='block_1_12' title="bbox 316 3677 1525 3875">
    <p class='ocr_par' dir='ltr' id='par_1_13' title="bbox 316 3677 1525 3875">
     <span class='ocr_line' id='line_1_29' title="bbox 477 3677 1466 3768; baseline 0.001 -21"><span class='ocrx_word' id='word_1_228' title='bbox 477 3681 524 3766; x_wconf 91' lang='grc' dir='ltr'><strong>Π,</strong></span> <span class='ocrx_word' id='word_1_229' title='bbox 547 3681 581 3764; x_wconf 84' lang='grc'><strong>9,</strong></span> <span class='ocrx_word' id='word_1_230' title='bbox 604 3680 646 3746; x_wconf 86' lang='grc'><strong>43</strong></span> <span class='ocrx_word' id='word_1_231' title='bbox 670 3679 726 3765; x_wconf 74' lang='lat' dir='ltr'><strong>,Te</strong></span> <span class='ocrx_word' id='word_1_232' title='bbox 749 3677 833 3743; x_wconf 90' lang='lat' dir='ltr'><strong>nihil</strong></span> <span class='ocrx_word' id='word_1_233' title='bbox 857 3681 892 3743; x_wconf 91' lang='lat' dir='ltr'><strong>in</strong></span> <span class='ocrx_word' id='word_1_234' title='bbox 914 3680 983 3744; x_wconf 82' lang='lat' dir='ltr'><strong>vita</strong></span> <span class='ocrx_word' id='word_1_235' title='bbox 1005 3677 1098 3743; x_wconf 90' lang='lat' dir='ltr'><strong>nobis</strong></span> <span class='ocrx_word' id='word_1_236' title='bbox 1121 3682 1286 3767; x_wconf 86' lang='lat' dir='ltr'><strong>acceptius</strong></span> <span class='ocrx_word' id='word_1_237' title='bbox 1307 3682 1466 3768; x_wconf 83' lang='lat' dir='ltr'><strong>unquam’,</strong></span> 
     </span>
     <span class='ocr_line' id='line_1_30' title="bbox 316 3785 1525 3875; baseline 0.002 -21"><span class='ocrx_word' id='word_1_238' title='bbox 316 3787 359 3854; x_wconf 88' lang='lat' dir='ltr'><strong>ad</strong></span> <span class='ocrx_word' id='word_1_239' title='bbox 382 3811 411 3875; x_wconf 86' lang='lat' dir='ltr'><strong>q.</strong></span> <span class='ocrx_word' id='word_1_240' title='bbox 435 3788 475 3854; x_wconf 90' lang='lat' dir='ltr'><strong>cf.</strong></span> <span class='ocrx_word' id='word_1_241' title='bbox 496 3788 527 3872; x_wconf 93' lang='lat' dir='ltr'><strong>I,</strong></span> <span class='ocrx_word' id='word_1_242' title='bbox 549 3789 583 3870; x_wconf 82' lang='lat'><strong>2,</strong></span> <span class='ocrx_word' id='word_1_243' title='bbox 606 3786 647 3852; x_wconf 90' lang='grc'><strong>31</strong></span> <span class='ocrx_word' id='word_1_244' title='bbox 672 3786 743 3873; x_wconf 65' lang='lat' dir='ltr'><strong>,His</strong></span> <span class='ocrx_word' id='word_1_245' title='bbox 765 3794 803 3850; x_wconf 89' lang='lat' dir='ltr'><strong>tu</strong></span> <span class='ocrx_word' id='word_1_246' title='bbox 824 3807 952 3871; x_wconf 88' lang='lat' dir='ltr'><strong>semper</strong></span> <span class='ocrx_word' id='word_1_247' title='bbox 975 3785 1039 3850; x_wconf 87' lang='lat' dir='ltr'><strong>eris</strong></span> <span class='ocrx_word' id='word_1_248' title='bbox 1061 3796 1189 3852; x_wconf 87' lang='lat' dir='ltr'><strong>nostrae</strong></span> <span class='ocrx_word' id='word_1_249' title='bbox 1211 3789 1397 3873; x_wconf 83' lang='lat' dir='ltr'><strong>gratissima</strong></span> <span class='ocrx_word' id='word_1_250' title='bbox 1417 3789 1525 3856; x_wconf 88' lang='lat' dir='ltr'><strong>vitae&#39;.</strong></span> 
     </span>
    </p>
   </div>
   <div class='ocr_carea' id='block_1_13' title="bbox 315 3917 1129 4016">
    <p class='ocr_par' dir='ltr' id='par_1_14' title="bbox 315 3917 1129 4016">
     <span class='ocr_line' id='line_1_31' title="bbox 315 3917 1129 4016; baseline -0.007 -27"><span class='ocrx_word' id='word_1_251' title='bbox 315 3923 389 3989; x_wconf 84' lang='lat' dir='ltr'><strong>Non</strong></span> <span class='ocrx_word' id='word_1_252' title='bbox 412 3923 518 4016; x_wconf 87' lang='lat' dir='ltr'><strong>minor</strong></span> <span class='ocrx_word' id='word_1_253' title='bbox 541 3920 731 4007; x_wconf 89' lang='lat' dir='ltr'><strong>disceptatio</strong></span> <span class='ocrx_word' id='word_1_254' title='bbox 756 3919 862 3983; x_wconf 92' lang='lat' dir='ltr'><strong>estin</strong></span> <span class='ocrx_word' id='word_1_255' title='bbox 885 3917 1129 4004; x_wconf 87' lang='lat' dir='ltr'><strong>interpretando</strong></span> 
     </span>
    </p>
   </div>
   <div class='ocr_carea' id='block_1_14' title="bbox 316 4059 1432 4148">
    <p class='ocr_par' dir='ltr' id='par_1_15' title="bbox 316 4059 1432 4148">
     <span class='ocr_line' id='line_1_32' title="bbox 316 4059 1432 4148; baseline -0.003 -17"><span class='ocrx_word' id='word_1_256' title='bbox 316 4060 452 4132; x_wconf 72' lang='lat' dir='ltr'><strong>cautus</strong></span> <span class='ocrx_word' id='word_1_257' title='bbox 474 4062 513 4146; x_wconf 91' lang='lat' dir='ltr'><strong>V,</strong></span> <span class='ocrx_word' id='word_1_258' title='bbox 539 4061 588 4144; x_wconf 89' lang='lat' dir='ltr'><strong>ll,</strong></span> <span class='ocrx_word' id='word_1_259' title='bbox 612 4060 654 4128; x_wconf 85' lang='grc'><strong>86</strong></span> <span class='ocrx_word' id='word_1_260' title='bbox 678 4059 816 4148; x_wconf 70' lang='lat' dir='ltr'><strong>,Sederit</strong></span> <span class='ocrx_word' id='word_1_261' title='bbox 839 4069 872 4124; x_wconf 89' lang='lat' dir='ltr'><strong>et</strong></span> <span class='ocrx_word' id='word_1_262' title='bbox 893 4069 1002 4125; x_wconf 89' lang='lat' dir='ltr'><strong>nostro</strong></span> <span class='ocrx_word' id='word_1_263' title='bbox 1025 4071 1137 4127; x_wconf 90' lang='lat' dir='ltr'><strong>cauta</strong></span> <span class='ocrx_word' id='word_1_264' title='bbox 1159 4083 1325 4128; x_wconf 88' lang='lat' dir='ltr'><strong>noverca</strong></span> <span class='ocrx_word' id='word_1_265' title='bbox 1346 4063 1432 4130; x_wconf 90' lang='lat' dir='ltr'><strong>toro’.</strong></span> 
     </span>
    </p>
   </div>
   <div class='ocr_carea' id='block_1_15' title="bbox 204 4192 1523 4281">
    <p class='ocr_par' dir='ltr' id='par_1_16' title="bbox 204 4192 1523 4281">
     <span class='ocr_line' id='line_1_33' title="bbox 204 4192 1523 4281; baseline 0.007 -25"><span class='ocrx_word' id='word_1_266' title='bbox 204 4214 206 4220; x_wconf 92' lang='lat'>·</span> <span class='ocrx_word' id='word_1_267' title='bbox 315 4194 383 4260; x_wconf 89' lang='lat' dir='ltr'><strong>Aut</strong></span> <span class='ocrx_word' id='word_1_268' title='bbox 413 4197 501 4260; x_wconf 87' lang='lat' dir='ltr'><strong>enim</strong></span> <span class='ocrx_word' id='word_1_269' title='bbox 532 4192 642 4281; x_wconf 49' lang='lat' dir='ltr'><strong>‘cauta’</strong></span> <span class='ocrx_word' id='word_1_270' title='bbox 672 4213 730 4278; x_wconf 93' lang='lat' dir='ltr'><strong>pro</strong></span> <span class='ocrx_word' id='word_1_271' title='bbox 761 4193 908 4257; x_wconf 88' lang='lat' dir='ltr'><strong>cavenda</strong></span> <span class='ocrx_word' id='word_1_272' title='bbox 936 4194 1076 4279; x_wconf 87' lang='lat' dir='ltr'><strong>positum</strong></span> <span class='ocrx_word' id='word_1_273' title='bbox 1109 4216 1178 4259; x_wconf 89' lang='lat' dir='ltr'><strong>esse</strong></span> <span class='ocrx_word' id='word_1_274' title='bbox 1210 4193 1390 4280; x_wconf 88' lang='lat' dir='ltr'><strong>declarant,</strong></span> <span class='ocrx_word' id='word_1_275' title='bbox 1418 4206 1474 4263; x_wconf 89' lang='lat' dir='ltr'><strong>aut</strong></span> <span class='ocrx_word' id='word_1_276' title='bbox 1497 4201 1523 4266; x_wconf 94' lang='lat' dir='ltr'><strong>si</strong></span> 
     </span>
    </p>
   </div>
   <div class='ocr_carea' id='block_1_16' title="bbox 315 4302 1524 4498">
    <p class='ocr_par' dir='ltr' id='par_1_17' title="bbox 315 4302 1524 4498">
     <span class='ocr_line' id='line_1_34' title="bbox 315 4302 1524 4394; baseline 0.004 -25"><span class='ocrx_word' id='word_1_277' title='bbox 315 4325 373 4392; x_wconf 87' lang='lat' dir='ltr'><strong>pro</strong></span> <span class='ocrx_word' id='word_1_278' title='bbox 396 4305 559 4370; x_wconf 89' lang='lat' dir='ltr'><strong>adiectivo</strong></span> <span class='ocrx_word' id='word_1_279' title='bbox 583 4306 749 4391; x_wconf 88' lang='lat' dir='ltr'><strong>accipiunt</strong></span> <span class='ocrx_word' id='word_1_280' title='bbox 777 4302 887 4389; x_wconf 68' lang='lat' dir='ltr'><strong>,fallax</strong></span> <span class='ocrx_word' id='word_1_281' title='bbox 910 4313 943 4369; x_wconf 88' lang='lat' dir='ltr'><strong>et</strong></span> <span class='ocrx_word' id='word_1_282' title='bbox 966 4304 1128 4369; x_wconf 88' lang='lat' dir='ltr'><strong>invidiosa</strong></span> <span class='ocrx_word' id='word_1_283' title='bbox 1149 4303 1319 4390; x_wconf 86' lang='lat' dir='ltr'><strong>privignis’</strong></span> <span class='ocrx_word' id='word_1_284' title='bbox 1347 4304 1524 4394; x_wconf 90' lang='lat' dir='ltr'><strong>declarant,</strong></span> 
     </span>
     <span class='ocr_line' id='line_1_35' title="bbox 316 4409 1523 4498; baseline 0.006 -23"><span class='ocrx_word' id='word_1_285' title='bbox 316 4411 472 4476; x_wconf 88' lang='lat' dir='ltr'><strong>Heinsius</strong></span> <span class='ocrx_word' id='word_1_286' title='bbox 494 4433 623 4498; x_wconf 87' lang='lat' dir='ltr'><strong>prorsus</strong></span> <span class='ocrx_word' id='word_1_287' title='bbox 646 4433 688 4475; x_wconf 89' lang='lat' dir='ltr'><strong>ex</strong></span> <span class='ocrx_word' id='word_1_288' title='bbox 711 4409 826 4474; x_wconf 91' lang='lat' dir='ltr'><strong>eadem</strong></span> <span class='ocrx_word' id='word_1_289' title='bbox 848 4410 918 4475; x_wconf 88' lang='lat' dir='ltr'><strong>fere</strong></span> <span class='ocrx_word' id='word_1_290' title='bbox 941 4412 1104 4476; x_wconf 88' lang='lat' dir='ltr'><strong>sententia</strong></span> <span class='ocrx_word' id='word_1_291' title='bbox 1130 4411 1256 4496; x_wconf 68' lang='lat' dir='ltr'><strong>,torvus’</strong></span> <span class='ocrx_word' id='word_1_292' title='bbox 1283 4413 1523 4482; x_wconf 87' lang='lat' dir='ltr'><strong>emendandum</strong></span> 
     </span>
    </p>
   </div>
   <div class='ocr_carea' id='block_1_17' title="bbox 316 4515 1522 4713">
    <p class='ocr_par' dir='ltr' id='par_1_18' title="bbox 316 4515 1522 4713">
     <span class='ocr_line' id='line_1_36' title="bbox 317 4515 1522 4608; baseline 0.005 -26"><span class='ocrx_word' id='word_1_293' title='bbox 317 4540 385 4582; x_wconf 86' lang='lat' dir='ltr'><strong>esse</strong></span> <span class='ocrx_word' id='word_1_294' title='bbox 409 4517 558 4582; x_wconf 90' lang='lat' dir='ltr'><strong>credidit</strong></span> <span class='ocrx_word' id='word_1_295' title='bbox 580 4519 651 4583; x_wconf 87' lang='lat' dir='ltr'><strong>Nec</strong></span> <span class='ocrx_word' id='word_1_296' title='bbox 673 4516 803 4582; x_wconf 82' lang='lat' dir='ltr'><strong>felicius</strong></span> <span class='ocrx_word' id='word_1_297' title='bbox 826 4516 959 4582; x_wconf 82' lang='lat' dir='ltr'><strong>Hertnb.</strong></span> <span class='ocrx_word' id='word_1_298' title='bbox 988 4516 1126 4582; x_wconf 91' lang='lat' dir='ltr'><strong>Dorvill.</strong></span> <span class='ocrx_word' id='word_1_299' title='bbox 1148 4517 1191 4582; x_wconf 88' lang='lat' dir='ltr'><strong>ad</strong></span> <span class='ocrx_word' id='word_1_300' title='bbox 1214 4515 1379 4585; x_wconf 80' lang='lat' dir='ltr'><strong>Chariton.</strong></span> <span class='ocrx_word' id='word_1_301' title='bbox 1405 4544 1436 4608; x_wconf 92' lang='lat' dir='ltr'><strong>p.</strong></span> <span class='ocrx_word' id='word_1_302' title='bbox 1459 4521 1522 4589; x_wconf 79' lang='lat'><strong>682</strong></span> 
     </span>
     <span class='ocr_line' id='line_1_37' title="bbox 316 4621 1521 4713; baseline 0.006 -23"><span class='ocrx_word' id='word_1_303' title='bbox 316 4623 577 4711; x_wconf 88' lang='lat' dir='ltr'><strong>explicationem,</strong></span> <span class='ocrx_word' id='word_1_304' title='bbox 601 4633 737 4710; x_wconf 71' lang='lat' dir='ltr'><strong>,cautam</strong></span> <span class='ocrx_word' id='word_1_305' title='bbox 759 4621 941 4690; x_wconf 90' lang='lat' dir='ltr'><strong>novercam’</strong></span> <span class='ocrx_word' id='word_1_306' title='bbox 966 4645 1101 4690; x_wconf 88' lang='lat' dir='ltr'><strong>uxorem</strong></span> <span class='ocrx_word' id='word_1_307' title='bbox 1116 4625 1275 4689; x_wconf 89' lang='lat' dir='ltr'><strong>curiosam</strong></span> <span class='ocrx_word' id='word_1_308' title='bbox 1299 4635 1331 4690; x_wconf 90' lang='lat' dir='ltr'><strong>et</strong></span> <span class='ocrx_word' id='word_1_309' title='bbox 1352 4629 1521 4713; x_wconf 84' lang='lat' dir='ltr'><strong>providam</strong></span> 
     </span>
    </p>
   </div>
   <div class='ocr_carea' id='block_1_18' title="bbox 0 0 1668 5382">
    <p class='ocr_par' dir='ltr' id='par_1_19' title="bbox 0 0 1668 5382">
     <span class='ocr_line' id='line_1_38' title="bbox 0 0 1668 5382; baseline 0 0"><span class='ocrx_word' id='word_1_310' title='bbox 0 0 1668 5382; x_wconf 95' lang='lat' dir='ltr'><strong> </strong></span> 
     </span>
    </p>
   </div>
  </div>
 </body>
</html>
