3326 5390
667 422 879 488 ...59-

102 577 108 587 ⁸
165 619 249 683 quae
272 595 346 662 aliis
368 599 564 664 testimoniis
589 599 718 686 probat,
749 600 899 687 exempla
927 608 1041 666 extant
1063 601 1098 665 in
1121 599 1297 686 Propertio.
1325 596 1380 662 Sio

164 703 252 791 quod
275 726 293 768 e
315 703 388 769 val.
411 703 520 769 Flaeo.
543 702 578 788 5,
602 705 667 771 274
690 727 818 792 ,magna
840 703 940 772 milia’
965 704 1129 791 exhibuit,
1152 707 1269 793 cuique
1290 703 1380 769 addi·

164 811 215 877 dit
237 811 315 874 Hor.
337 818 396 875 sat.
417 810 449 893 I,
472 811 506 895 6,
534 813 555 876 4
579 834 726 898 ,magnae
749 811 915 898 legiones',
942 812 1060 878 melius
1085 822 1195 879 autem
1218 833 1380 899 eompara-

164 920 266 983 visset
291 916 396 982 Plaut.
424 916 545 982 Bacch.
575 919 661 984 1034
689 929 853 1006 ,sexcenta
874 918 982 1003 tanta’,
1006 920 1076 1006 ipse
1099 918 1192 1006 Prop.
1214 917 1380 1005 praebuit:

307 1052 339 1135 I,
362 1049 396 1136 5,
421 1051 463 1116 10
486 1049 539 1138 ,At
561 1051 623 1117 tibi
647 1075 798 1118 curarum
821 1052 932 1134 milia
954 1060 1097 1140 quanta
1119 1051 1238 1118 dabitt’

162 1186 250 1251 Nota
272 1185 371 1251 etiam
394 1183 495 1249 dictio
519 1184 627 1271 ,longa
649 1184 728 1252 dies’
750 1207 809 1274 pro
831 1184 943 1250 multis
966 1184 1096 1269 diebus,
1116 1184 1213 1272 longo
1236 1194 1381 1271 tempore

162 1314 231 1357 non
254 1314 272 1357 e
301 1290 373 1356 Tib.
401 1291 432 1376 I,
458 1291 494 1374 4,
523 1292 572 1374 17,
599 1289 669 1357 Iuv.
695 1291 748 1375 10,
775 1284 852 1376 295,
882 1292 934 1376 01,
964 1291 1022 1358 sed
1044 1293 1221 1378 praecipue
1245 1314 1263 1358 e
1285 1291 1379 1378 Prop.

162 1399 287 1464 firmari
310 1395 439 1482 debuit,
462 1398 519 1484 qui
541 1397 608 1480 ΙΠ,
633 1399 688 1483 10,
711 1399 771 1463 2οε

371 1531 558 1619 ,1psaanus
581 1530 669 1597 haud
692 1531 810 1617 longa
833 1553 933 1597 curva
955 1531 1065 1597 futura
1086 1529 1169 1596 die’

160 1665 208 1731 Ut
236 1674 344 1730 autem
372 1665 403 1731 h.
430 1665 451 1730 1.
480 1665 588 1752 ,longa
602 1703 646 1712 -
661 1664 724 1730 die'
752 1686 811 1753 pro
838 1665 937 1751 longa
965 1665 1093 1732 dierum
1123 1666 1223 1750 serie,
1252 1666 1313 1748 sio,
1338 1665 1380 1730 ad
1458 1693 1460 1698 ’

162 1771 249 1860 quod
272 1774 377 1839 omnis
399 1772 482 1839 haee
504 1775 650 1861 quaestio
672 1772 792 1857 tendit,
817 1774 894 1838 satis
917 1771 1072 1838 audacter
1095 1771 1219 1836 dietum
1243 1781 1309 1836 est:

207 1904 274 1990 IH,
296 1905 332 1988 5,
356 1905 376 1970 3
400 1905 479 1992 ,Neo
501 1928 575 1970 mea
597 1916 676 1972 tuno
699 1904 815 1992 longa
837 1908 994 1993 spatietur
1018 1907 1187 1991 imagine
1210 1903 1335 1992 pompa’

164 2060 223 2125 pro
248 2038 359 2124 ,multa
381 2039 534 2125 imagine’
559 2040 611 2122 (of.
635 2038 1050 2126 ι11111110011101’1Ῐ,4,1)
1074 2041 1094 2105 1.
1118 2063 1145 2104 0.
1168 2039 1279 2104 multis
1303 2041 1379 2104 ima·

163 2145 307 2230 ginibus'
331 2155 387 2212 aut
411 2145 518 2232 ,longa
540 2147 721 2231 imaginum
743 2145 845 2210 serie!

266 2252 315 2317 Ut
338 2253 440 2338 igitur
463 2262 553 2318 oerta
573 2274 698 2338 genera
720 2252 895 2317 mutandae
916 2255 1057 2319 notionis
1078 2254 1256 2338 praecipue
1280 2251 1380 2317 uoluit

162 2358 271 2444 Prop,
299 2361 345 2424 ita
367 2357 526 2424 nonnulla
549 2357 725 2441 adieetiva,
748 2380 831 2445 quae
855 2381 929 2424 eum
952 2369 1088 2441 amaret,
1115 2360 1223 2424 varios
1245 2359 1280 2422 in
1304 2343 1380 2424 usus

163 2473 288 2530 mutata
318 2465 559 2552 significatione
589 2463 748 2530 adhibuit.
781 2464 825 2529 Et
852 2467 954 2529 mirus
986 2486 1025 2530 ao
1057 2466 1246 2551 saepissime
1277 2485 1380 2530 novus

162 2592 240 2635 usus
263 2579 312 2636 est
334 2571 570 2651 adieetivorum
592 2571 753 2657 horunoe:

73 2737 74 2740 ’
163 2727 328 2816 argutus
350 2732 481 2816 proprie
506 2753 544 2796 ea
566 2731 754 2816 significare
778 2730 871 2815 solet,
898 2752 981 2817 quae
1005 2752 1099 2795 aures
1123 2738 1247 2796 nostros
1270 2729 1379 2816 aliquo

162 2837 270 2902 sonitu
292 2835 490 2923 percellunt,
516 2858 581 2924 qua
609 2839 740 2902 notione
771 2836 832 2902 hoo
861 2837 1062 2902 adieetin
1080 2829 1131 2902 ¹de
1160 2835 1276 2902 avibus
1303 2858 1377 2901 oum

162 2943 262 3028 Vorg.
289 2965 340 3028 ge.
369 2944 400 3024 1,
429 2941 501 3025 377,
530 2942 589 3008 001.
618 2943 650 3025 9,
679 2943 733 3026 36,
762 2943 858 3011 Μο11.
887 2943 951 3025 XI,
981 2943 1036 3026 18,
1063 2940 1097 3026 5,
1124 2941 1198 3008 aliis
1226 2931 1377 3008 adhibuit

161 3049 367 3135 Propertius:

303 3181 333 3264 I,
358 3180 411 3264 18,
434 3180 477 3246 30
500 3179 616 3267 ,Cogor
638 3181 681 3247 ad
703 3193 860 3268 argutas
884 3183 995 3249 dicere
1019 3184 1104 3250 solus
1127 3181 1234 3249 aves’.

162 3313 372 3381 Transfertur
394 3321 503 3380 autem
530 3313 573 3380 ad
595 3313 743 3382 homines
766 3325 935 3381 cantantes
959 3325 991 3381 et
1013 3339 1065 3382 res
1093 3325 1244 3382 sonantes
1267 3337 1376 3401 saepe-

162 3443 308 3487 numero.
339 3420 432 3487 Solus
462 3442 540 3487 vero
569 3421 663 3507 Prop.
695 3420 844 3507 ,argutus'
876 3445 915 3488 ea
945 3425 1077 3490 notione
1109 3445 1183 3488 eum
1215 3421 1375 3487 abstracto

163 3529 374 3594 coniunctum
395 3529 524 3614 poetica
546 3550 620 3593 oum
644 3527 781 3593 audacia
802 3530 926 3615 posuit:

251 3663 283 3746 Ι,
309 3663 362 3746 18,
385 3663 427 3728 26
456 3662 584 3750 ,Omnia
607 3664 761 3728 consuevi
784 3662 919 3729 timidus
941 3663 1088 3749 perferre
1110 3661 1270 3749 superbae

499 3769 591 3835 Iussa
613 3790 720 3855 nequo
743 3778 880 3855 arguto
903 3769 990 3836 faeta
1012 3769 1143 3834 dolore
1166 3768 1277 3857 queri',

162 3897 221 3966 ubi
243 3903 362 3966 mirum
385 3903 421 3966 in
447 3901 578 3968 modum
600 3912 750 3989 peceant,
778 3904 834 3990 qui
861 3905 1040 3990 ,ingeniose
1068 3900 1244 3968 simulatus'
1273 3901 1375 3989 expli-

162 4123 275 4201 aperte
298 4114 467 4200 profitetur
489 4137 595 4202 neque
619 4114 788 4201 intellego,
816 4116 973 4203 quomode
1001 4117 1073 4203 quis
1099 4117 1260 4203 Propertii
1288 4115 1373 4181 dolo

163 4243 241 4303 rem,
266 4243 283 4286 0
301 4218 464 4308 Cynthiae
480 4221 614 4288 levitate
630 4231 744 4306 ortum,
765 4223 877 4288 fiotmn
893 4222 993 4288 fuisse
1009 4222 1196 4288 crediderit.
1217 4220 1373 4288 Attamen

162 4327 272 4394 lexioa
295 4349 366 4393 eam
380 4327 539 4415 praebent
561 4327 625 4393 1001
645 4329 956 4415 interpretationem.
980 4329 1100 4395 Melius
1115 4352 1185 4394 rem
1206 4331 1397 4416 perspexit

160 4434 375 4518 Passeratius,
401 4434 457 4521 qui
486 4431 653 4521 ,querulos’
684 4436 918 4522 interpretatur
948 4443 980 4501 et
1009 4433 1077 4500 cio.
1106 4434 1213 4500 looum
1242 4434 1373 4519 adtulit,

159 4540 203 4606 ad
224 4538 292 4606 Aa.
317 4540 370 4623 12,
393 4541 444 4624 41,
468 4540 503 4604 2:
528 4539 726 4627 ι8011000111
749 4543 791 4606 sit
814 4541 967 4627 φιλαίτιον
991 4540 1152 4628 0011000011
1175 4543 1247 4608 Ηο0
1271 4545 1373 4628 igitur

160 4651 244 4723 mihi
266 4646 409 4729 videtur,
432 4647 591 4734 querendi
614 4650 683 4714 vim
699 4671 772 4714 oum
795 4651 865 4715 soni
890 4650 1020 4716 notione
1036 4651 1243 4718 coniunctam
1265 4651 1372 4719 inesse
