3326 5390
691 365 887 429 ..ι-

181 542 285 607 Miror
308 554 425 624 eutem,
448 545 574 609 nemini
593 543 701 608 adhuc
724 546 760 609 in
783 554 927 609 mentem
950 545 1080 610 venisse
1101 545 1283 613 faciliorem
1306 546 1397 613 illam

181 649 279 716 huius
311 651 375 716 loei
407 651 724 738 interpretationem,
760 671 824 737 qua
856 649 992 738 ‘pascua’
1025 651 1184 718 feminine
1217 655 1398 741 accipiatur

181 779 342 845 quemque
361 780 426 824 non
442 757 536 822 modo
556 756 622 822 elia
638 758 708 822 eius
723 759 869 843 generis,
892 780 975 845 quae
990 758 1206 846 lleymannne
1223 762 1398 845 congessit,

182 863 334 950 exempla
349 865 590 948 commendant,
614 863 672 929 sed
696 866 794 929 etiem
813 864 1006 930 Tertullian.
1021 864 1115 952 Apol.
1131 865 1189 931 22
1186 865 1316 952 ·,pr0bet
1339 866 1397 932 ubi

182 991 222 1034 ea
243 989 320 1034 vox
331 970 491 1037 feminine
513 981 668 1058 usurpata
690 971 848 1038 occurrit:
875 971 976 1059 Quae
1000 971 1051 1038 illi
1074 973 1257 1100 accuratior
1278 994 1398 1059 paeone

182 1084 238 1160 eet,
262 1095 359 1163 quam
382 1075 426 1141 ut'
451 1100 515 1164 eqe.

286 1185 431 1270 Deinde,
455 1187 573 1273 quod
563 1208 599 1251 m
627 1186 742 1252 eadem
765 1189 850 1252 serie
873 1207 930 1251 eno
953 1186 1121 1274 quidem
1111 1208 1183 1252 rnre
1210 1187 1319 1251 omisit
1345 1187 1398 1251 vir
1433 1229 1434 1232 =

181 1290 308 1376 doctus,
331 1290 417 1378 quod
432 1301 488 1357 aut
489 1315 541 1357 em
559 1293 655 1378 mihi,
673 1295 783 1359 omnia
797 1315 880 1380 qnae
896 1302 1013 1359 extant
1028 1315 1113 1358 nova
1129 1293 1312 1379 colligenti,
1331 1315 1396 1358 non

181 1408 274 1484 praet
261 1400 580 1466 termittendumt
532 1409 580 1466 eet
581 1402 759 1487 ,quamvis
782 1401 918 1466 minoris
940 1403 982 1467 eit
1005 1400 1179 1518 momenti.

181 1545 331 1655 ,catula
353 1568 547 1634 femininam
570 1569 706 1634 formam
734 1569 915 1636 densitate
939 1515 1119 1638 masculino
1146 1577 1207 1656 cat
1193 1517 1289 1634 tulus'
1313 1567 1398 1634 deri-

180 1686 289 1742 vatam
313 1676 398 1742 solue
419 1676 579 1742 bonorum
600 1678 794 1764 scriptorum
816 1679 960 1744 servavit
981 1677 1230 1764 Propertiuez·
1281 1756 1286 1766 ¹

181 1819 220 1904 V,
243 1820 279 1904 3,
301 1815 344 1885 55
367 1817 555 1908 ,Glaucidcs
584 1827 616 1884 et
642 1819 796 1884 catulae
810 1834 888 1885 'vox
916 1827 965 1885 eet
987 1816 1069 1883 mihi
1096 1827 1190 1904 grata
1212 1813 1397 1903 querentie’.

181 1957 317 2042 ,catella’
340 1958 381 2023 de
406 1957 559 2044 ,catellus'
582 1958 720 2025 eliorum
736 1961 771 2024 in
794 1982 855 2025 usu
870 1958 951 2043 fuit,
976 1956 1100 2061 ,catula'
1122 1959 1241 2023 iterum
1256 1957 1396 2044 legimns

181 2064 268 2152 apud
290 2064 403 2144 Aurel.
426 2065 511 2132 vict.
535 2061 612 2154 epit.
634 2066 685 2151 23,
709 2069 729 2134 6
754 2076 787 2132 et
808 2067 936 2154 Eugen.
958 2067 1098 2133 Tolitan.
1122 2089 1220 2131 carm.
1243 2064 1295 2130 22.
1359 2063 1361 2067 ’

448 2783 450 2792 .
510 2715 560 2825 .'
615 2693 903 2806 Prnuoum'
924 2719 955 2806 1.
1029 2687 1035 2696 ’
1147 2693 1149 2700 ι

240 2908 242 2920 ’
322 2921 324 2930 ’
444 2925 495 3006 lte
522 2887 714 3007 uocabula
743 2941 768 3004 a
796 2921 990 3023 Propertio
1018 2919 1129 3006 lette.

267 3139 335 3204 De
362 3135 530 3225 vocabulis
557 3134 723 3222 fingendis
750 3132 876 3200 hunc
867 3133 902 3200 ιιι
929 3135 1061 3200 modum
1088 3133 1214 3203 iudicat
1239 3137 1396 3248 Horatius

177 3268 259 3398 ap.
283 3245 326 3312 48
349 3266 413 3331 eq:
481 3245 483 3250 ’

803 3353 848 3444 ιδί
870 3356 953 3423 forte
976 3378 1110 3423 necesse
1134 3367 1183 3424 eat

303 3464 441 3532 Indieiia
464 3471 643 3530 monstrare
666 3464 855 3530 recentibus
878 3463 990 3530 abdita
1012 3487 1137 3554 rerum,

303 3572 450 3658 Fingere
473 3573 627 3658 cinctutis
650 3592 716 3636 non
741 3569 896 3636 exaudita
919 3568 1076 3656 Cethegis

304 3678 481 3763 Continget
503 3661 699 3764 dabiturque
722 3677 859 3742 licentia
881 3686 1009 3765 sumpta
1029 3676 1206 3763 pudenter,

303 3787 347 3851 Et
369 3807 455 3851 nova
476 3784 615 3871 fictaque
638 3806 744 3871 nuper
766 3782 936 3850 habebunt
957 3782 1060 3848 verba
1082 3773 1195 3867 fidem,
1217 3785 1244 3849 ei

303 3891 431 3960 Graeco
453 3891 553 3957 fonte
567 3890 687 3957 eadent
709 3913 807 3979 parce
830 3889 973 3956 detorta?
998 3908 1063 3977 eqa.
1165 3880 1167 3886 ¹

279 4055 376 4120 Hanc
403 4037 512 4142 igitur¹
533 4053 723 4120 facultatem
749 4054 937 4142 Propertius
964 4075 1090 4156 quoque
1118 4051 1181 4118 sibi
1209 4039 1394 4118 vindicavit

174 4186 237 4230 nec
266 4184 333 4228 non
364 4159 542 4249 pudenter'
571 4160 732 4252 excoluit.
761 4184 827 4227 non
850 4160 953 4234 multa
981 4163 1070 4227 enim
1093 4163 1163 4226 eiua
1185 4161 1322 4247 generis
1340 4181 1393 4226 vc·

175 4270 292 4338 cabula
323 4268 410 4355 apud
440 4291 514 4332 enm
542 4270 776 4352 inveniuntur3
806 4279 916 4334 eorum
944 4279 1000 4334 aut
1002 4291 1066 4352 em,
1094 4291 1186 4356 quae
1199 4269 1392 4369 procreavit,

173 4400 293 4464 magna
324 4397 399 4463 para
431 4374 473 4440 ad
507 4397 580 4440 eum
610 4375 733 4442 fontem
760 4376 946 4442 revocanda
975 4385 1063 4460 eunt,
1093 4397 1190 4463 quem
1219 4363 1333 4442 Horat
1309 4385 1392 4442 trum

173 4485 322 4551 indicare
353 4493 386 4549 et
416 4483 644 4550 commendare
671 4483 834 4568 videmus,
866 4483 909 4549 ad
938 4481 1139 4549 Graecorum
1157 4469 1392 4551 imitationelnl

174 4591 321 4674 Quorum
351 4589 429 4673 elia,
467 4593 647 4660 mutatione
684 4591 772 4658 facta
805 4590 908 4675 nulla,
947 4592 983 4656 in
1020 4591 1176 4658 Latinum
1203 4605 1391 4668 ‘sermonem
