3326 5390
638 429 852 492 ..69-

137 628 220 693 quae
251 615 376 691 extant,
409 608 504 693 copia
525 605 779 690 demonstratur,
806 606 928 672 deinde
956 609 1054 674 etiam
1081 631 1101 674 a
1127 609 1220 677 bonis
1246 613 1351 698 poetis

136 714 222 778 verti
249 715 392 801 potuisse
420 722 453 779 et
481 721 569 779 certe
596 735 724 778 versam
751 735 835 797 esse,
862 736 882 779 a
908 713 1076 801 Propertio
1103 715 1133 780 h.
1161 714 1190 801 1.,
1220 739 1352 804 conpro-

135 819 233 885 batur
256 819 408 906 analogia
434 818 489 906 (de
512 841 576 906 qua
599 818 638 884 cf.
661 817 795 884 Lachm.
818 819 860 885 ad
882 818 921 903 V,
951 821 1005 905 11,
1028 821 1096 905 21),
1118 843 1214 908 quam
1237 822 1350 888 Horta

136 924 271 1012 bergius
295 928 330 992 in
353 925 428 993 aliis
450 927 585 992 maximi
608 925 701 1010 facit,
729 926 791 991 hoc
818 925 888 991 loco
916 935 1024 992 autem
1046 927 1179 1012 refutat,
1208 930 1284 1015 quia
1307 931 1350 1014 ‘in

135 1031 237 1098 verbo
261 1031 358 1118 ‘flere’
386 1035 454 1098 vim
481 1033 687 1098 transitivam
714 1033 813 1098 nimis
840 1034 986 1098 sanxisse
1013 1033 1145 1100 videtur
1172 1037 1352 1100 communis

135 1139 293 1227 loquendi
315 1137 400 1205 usus’
426 1177 463 1186 -
489 1161 532 1203 an
553 1139 669 1225 potius,
695 1140 772 1226 quia
794 1141 829 1204 in
852 1148 1003 1227 promptu
1025 1139 1141 1206 habuit
1162 1143 1215 1206 vir
1237 1140 1350 1207 doctus

136 1247 253 1311 miram
276 1248 371 1312 istam
394 1247 614 1312 coniecturam
638 1245 715 1332 ‘Has
737 1244 819 1310 mihi
834 1254 886 1312 ter
908 1245 1008 1334 eqs’?
1030 1247 1115 1312 Nam
1139 1246 1253 1333 ‘adoro'
1277 1269 1350 1312 cum

135 1352 237 1438 Verg.
259 1351 342 1418 Aen.
368 1353 421 1435 10,
445 1351 518 1436 611,
541 1351 602 1418 Ov.
625 1351 693 1417 her.
720 1351 768 1435 10,
789 1352 849 1417 141
875 1352 1020 1418 absolute
1043 1352 1195 1420 adhibuit
1209 1354 1302 1440 Prop.
1325 1354 1351 1436 Ι,

135 1457 172 1542 4,
195 1457 252 1540 21,
281 1481 387 1546 neque
411 1460 517 1523 minor
541 1459 576 1524 in
600 1455 671 1546 ‘oro’
691 1459 866 1552 transitiva
887 1460 938 1523 vis
961 1461 1046 1524 inest
1068 1470 1164 1546 atque
1192 1463 1227 1525 in
1249 1460 1350 1526 verbo

136 1561 244 1649 ‘florei
272 1561 427 1629 Attamen
456 1564 541 1630 dixit
562 1564 750 1651 Propertius
776 1586 840 1629 nec
862 1566 1031 1652 quisquam
1054 1577 1233 1653 oppugnat,
1256 1569 1350 1631 nimi-

134 1693 208 1735 rum
230 1670 316 1757 quod
330 1669 473 1756 Vergilii
498 1679 531 1736 et
554 1669 667 1736 Ovidii
690 1680 817 1756 praesto
836 1679 913 1736 sunt
935 1671 1093 1758 exempla
1116 1673 1231 1761 Neque
1254 1673 1350 1739 aliter

134 1785 171 1841 ut
199 1777 256 1841 hic
286 1774 410 1864 ‘adoross
439 1775 496 1841 illo
523 1774 593 1842 loco
622 1774 761 1861 ‘deflere’
789 1775 934 1842 absolute
963 1777 1086 1843 dictum
1117 1789 1165 1845 est
1192 1779 1350 1866 simplicis

134 1882 230 1948 verbi
252 1885 287 1949 vi
311 1883 542 1969 compositione
565 1891 672 1966 aucta,
695 1891 732 1946 ut
757 1884 846 1948 notio
874 1883 1035 1949 efficiatur
1058 1883 1158 1971 ‘large
1181 1884 1279 1952 flere?
1303 1884 1350 1951 Si·

134 1989 229 2054 milia
258 1991 357 2055 etiam
387 1988 552 2077 exempla,
581 1987 669 2075 apud
695 2010 797 2054 unum
823 1989 916 2076 Prop.
946 1990 1058 2073 obvia,
1087 1991 1228 2058 eundem
1256 2015 1349 2058 usum

133 2095 320 2181 vindicant,
342 2117 460 2183 nempe

134 2243 376 2333 concredere,
403 2247 490 2335 quod
517 2268 583 2312 non
607 2248 671 2313 nisi
695 2270 769 2313 eum
796 2251 981 2315 accusativo
1004 2251 1087 2334 eius,
1111 2248 1197 2338 quod
1220 2272 1349 2316 conere-

134 2353 237 2438 ditur,
269 2357 479 2420 coniunctum
512 2352 627 2420 eadem
659 2355 823 2419 sententia
849 2377 888 2420 ac
915 2358 1125 2440 ‘committere
1155 2356 1228 2421 alei.
1255 2357 1348 2444 alqd.'

133 2463 299 2545 invenies,
321 2460 408 2528 solus
429 2462 523 2548 Prop.
547 2458 693 2526 absolute
717 2459 852 2526 adhibet
874 2483 932 2548 pro
955 2461 1129 2547 ‘confidere
1152 2461 1233 2528 alci.'

178 2593 203 2675 Ι,
229 2594 278 2678 10,
302 2595 341 2659 11
366 2591 441 2680 ‘Sed
463 2595 615 2681 quoniam
639 2613 705 2659 non
729 2615 763 2658 es
785 2595 910 2659 veritus
933 2594 1170 2662 concredere
1193 2594 1303 2661 nobis'.

130 2740 314 2813 relevere
333 2745 518 2809 accusativo
545 2765 611 2810 non
634 2743 759 2827 addito,
786 2753 822 2809 ut
850 2743 980 2830 ‘iuvare’
1010 2744 1168 2812 adhibere
1191 2745 1347 2829 solebant,

132 2850 280 2918 absolute
302 2848 441 2915 dicitur:

239 2983 268 3066 Ι,
294 2983 347 3065 14,
371 2984 414 3050 22
437 2982 550 3070 ‘Quid
572 2983 752 3051 relevant
773 2986 875 3050 variis
896 2987 1003 3051 serica
1023 2983 1229 3052 textilibus?

129 3116 231 3204 plane
253 3118 393 3203 positum
415 3138 474 3204 pro
496 3117 626 3204 vulgari
650 3117 738 3204 ‘quid
760 3117 909 3184 iuvant?
937 3092 1071 3183 Eodem·
1084 3117 1217 3205 quidem
1239 3141 1345 3202 sensu,

129 3221 191 3288 sed
222 3223 349 3288 adiecto
382 3222 493 3309 ‘curas'
524 3223 579 3288 vel
608 3221 771 3310 ‘animum'
802 3222 967 3310 ,relevare'
995 3223 1134 3290 verbum
1156 3226 1344 3312 saepissime

128 3330 286 3413 occurrit,
309 3330 381 3394 sine
405 3350 482 3395 casu
505 3329 569 3395 nisi
593 3326 624 3393 h.
647 3328 668 3393 l.
689 3330 902 3417 Propertiano
924 3352 1092 3418 nusquam.

235 3593 448 3659 Notissimum
462 3592 585 3660 deindo
608 3598 695 3660 inter
709 3604 821 3682 poetas
844 3604 877 3661 et
897 3617 976 3661 vere
992 3597 1155 3682 poeticum
1169 3596 1343 3662 verborum

127 3701 319 3766 mutationis
341 3721 446 3785 genus
470 3711 518 3766 est
541 3700 738 3788 metaphora
761 3701 868 3782 Quam
887 3701 1092 3788 Propertium
1115 3724 1189 3768 eum
1212 3705 1247 3767 in
1269 3702 1344 3768 aliis

126 3815 200 3872 tum
221 3807 397 3894 praecipua
421 3808 457 3872 in
480 3808 528 3873 eis
551 3806 739 3873 adhibuisse
762 3807 1068 3894 significationibus,
1089 3831 1172 3896 quae
1196 3809 1238 3873 ad
1260 3831 1344 3874 amo·

126 3933 200 3978 rem
221 3913 398 3999 pertinent,
421 3914 486 3980 iam
509 3914 638 4001 saepius
661 3912 905 3998 observavimus
932 3937 1039 4002 noque
1062 3914 1151 3979 idem
1174 3917 1209 3979 in
1231 3914 1343 3980 verbis

128 4039 301 4085 occurrere
324 4018 391 4086 ullo
414 4019 509 4085 modo
531 4019 732 4086 mirabimur.
771 4019 872 4086 Cuius
898 4023 1032 4107 generis
1059 4044 1141 4108 quae
1171 4030 1246 4087 sunt
1274 4019 1342 4086 vu]-

128 4127 235 4211 garia,
258 4127 384 4210 omitto,
406 4148 491 4192 nova
514 4135 622 4192 autem
645 4135 721 4192 sunt
743 4126 842 4192 haec:

127 4268 324 4344 tabescere
353 4274 395 4341 de
423 4297 531 4343 amore
561 4279 686 4363 primus
708 4278 854 4344 absolute
877 4277 1065 4344 adhibuisse
1088 4278 1239 4360 videtur3
1266 4300 1341 4342 nam
1400 4307 1401 4312 ¹

128 4379 216 4467 quod
237 4378 324 4446 dixit
345 4380 445 4468 Verg.
467 4381 551 4448 Aen.
574 4383 603 4467 6,
626 4383 708 4450 442:

310 4515 396 4600 flio,
420 4537 498 4602 quos
521 4516 621 4582 durus
645 4539 734 4584 amor
757 4516 883 4584 erudeli
905 4516 981 4582 tabe
1003 4514 1151 4603 peredit',

125 4647 275 4714 breviter
297 4646 389 4735 Prop.
413 4648 439 4731 Ι,
464 4646 512 4733 15,
539 4650 596 4715 18:
