3326 5390
645 399 860 465 ..73-

126 578 300 645 *translato
323 602 420 646 sensu
444 578 558 644 eodem
580 579 675 644 modo
698 589 880 666 usurpatur,
907 599 970 668 quo
998 577 1130 665 ,venire’
1158 581 1193 644 in
1220 577 1356 644 solemni

144 686 203 753 illa
227 687 330 752 forma
351 687 458 774 ,venio
480 708 569 752 nunc
591 683 642 752 ad'
665 683 921 772 frequentissimi
943 707 1020 751 usus
1043 695 1108 752 est:

175 820 216 905 V,
241 822 272 904 1,
298 819 360 885 119
384 820 561 907 ,Hactenus
583 816 755 884 historiae:
778 839 868 883 nunc
890 817 932 883 ad
953 827 1011 884 tua
1032 816 1204 883 deuehar
1225 814 1327 884 astra'.

144 961 304 1029 Similiter
325 961 426 1048 Verg.
449 961 551 1028 verbo
574 960 727 1049 ,provehi'
751 961 869 1027 utittu:

198 1093 281 1161 Aen
304 1095 337 1178 3,
359 1095 423 1162 481
449 1140 979 1182 ..................
1003 1090 1093 1176 Quid
1115 1091 1201 1159 ultra

446 1200 621 1284 Provehor,
644 1209 678 1266 et
699 1199 798 1268 fando
820 1208 992 1288 surgentes
1014 1199 1163 1266 demoror
1186 1198 1326 1265 austroa’.

145 1356 362 1445 superbire:
387 1360 559 1449 superbus,
582 1360 796 1443 adieetivum,
824 1369 857 1426 et
883 1357 925 1426 (le
953 1361 1102 1447 personis
1128 1368 1161 1425 et
1190 1358 1232 1424 de
1261 1358 1360 1425 rebus

146 1489 250 1554 aeque
284 1476 467 1555 usurpatur,
503 1467 688 1555 superbire,
722 1466 874 1553 verbum,
911 1465 953 1532 de
987 1469 1135 1554 personis
1167 1467 1359 1554 plerumque

147 1574 255 1661 (Prop.
277 1573 318 1659 V,
342 1576 374 1658 1,
398 1573 466 1657 63),
490 1573 532 1639 de
555 1572 654 1639 rebus
676 1597 696 1640 a
716 1575 822 1661 primo
844 1574 938 1661 Prop.
960 1573 1149 1640 adhibetur:

228 1704 268 1790 V,
291 1705 325 1790 5,
348 1705 391 1770 22
414 1704 467 1790 ,Et
489 1727 572 1793 quae
594 1705 654 1772 sub
677 1705 781 1793 Tyria
804 1705 950 1772 concha
972 1704 1152 1793 superbit
1173 1704 1274 1794 aqua'.

145 1847 286 1934 Recepit
315 1845 454 1912 eandam
483 1845 578 1912 verbi
608 1848 774 1912 notionem
801 1845 886 1912 Plin.
912 1869 943 1912 n.
970 1845 1002 1913 h.
1027 1845 1208 1935 XXXVII,
1236 1846 1254 1911 'l
1277 1845 1361 1932 (31),

148 1954 212 2019 106
236 1954 278 2019 de
300 1952 411 2037 sarda,
432 1975 579 2038 gemma:
604 1953 685 2040 ,Hac
713 1963 801 2019 certe
829 1952 917 2040 apud
945 1953 1164 2018 Menandrum
1193 1963 1226 2018 et
1253 1951 1361 2019 Phile-

145 2081 276 2125 monem
303 2053 435 2125 'fabulae
463 2057 674 2147 superbiunt'.
712 2058 779 2126 Sed
807 2061 944 2126 interest
973 2060 1060 2124 inter
1088 2060 1256 2146 utriusque
1285 2061 1362 2125 scri-

144 2168 248 2254 ptoris
274 2189 381 2250 usum,
411 2166 498 2253 quod
525 2166 671 2232 absolute
698 2167 796 2254 plane
824 2166 918 2255 Prop.
940 2165 1031 2232 nullo
1053 2164 1211 2232 vocabulo
1234 2165 1361 2231 adiecto

147 2269 334 2361 ,superbire'
358 2294 416 2360 pro
440 2272 533 2338 solito
556 2271 752 2360 ,splendere
774 2271 912 2359 fulgere'
939 2282 1086 2360 usurpat,
1116 2273 1201 2361 quod
1227 2273 1359 2361 quidem

145 2379 359 2465 singulariter
387 2378 482 2462 iecit3
512 2402 589 2445 nam
617 2381 657 2462 is,
688 2381 744 2467 qui
773 2389 885 2467 postea
915 2378 1054 2446 eandem
1079 2382 1170 2446 vocis
1195 2382 1360 2446 notionem

144 2496 292 2572 testatur,
315 2485 489 2554 Claudian.
513 2496 650 2573 utroque
673 2507 735 2573 quo
757 2485 881 2574 profert
904 2484 974 2552 loco
998 2484 1096 2570 (laud.
1118 2484 1245 2555 Stilich.
1266 2491 1294 2570 1,
1310 2488 1361 2572 79,

145 2601 228 2682 rapt
253 2593 340 2659 Pros.
368 2592 447 2676 337)
479 2616 497 2659 e
525 2593 627 2658 Plinii
658 2593 802 2658 cautiore
829 2613 891 2657 usu
918 2614 990 2658 eam
1016 2614 1087 2658 rem
1113 2590 1256 2660 ablativo
1283 2615 1360 2661 casu

146 2699 288 2783 addidit,
312 2721 376 2787 qua
398 2698 478 2786 quid
501 2696 695 2786 ,superbisti

252 2798 440 2892 Sequuntur
472 2827 511 2870 ea
540 2804 657 2890 verba,
689 2803 807 2891 quibus
838 2813 1075 2893 praegnantem
1107 2803 1255 2873 subdidit
1283 2807 1360 2874 vim.

146 2911 255 3000 Atque
278 2913 320 2978 de
343 2909 492 2980 canendo
515 2933 636 2994 novrum
658 2909 827 2977 adhibuit:

147 3069 239 3158 fari,
269 3070 355 3158 quod
383 3069 522 3136 verbum
552 3092 626 3135 cum
655 3069 698 3136 de
728 3071 816 3136 omni
843 3071 1030 3135 narratione
1056 3079 1126 3135 tum
1153 3070 1194 3136 de
1221 3069 1361 3137 oraculis

147 3179 325 3266 praecipue
354 3184 388 3243 et
415 3176 546 3243 vatibus
575 3177 639 3243 fuit
671 3178 706 3242 in
735 3200 808 3262 usu,
836 3177 1024 3264 Propertius
1056 3175 1098 3243 de
1129 3198 1186 3243 auc
1215 3178 1360 3244 carmine

149 3285 264 3351 eodem
286 3305 384 3350 sensu
406 3304 445 3348 ae
467 3280 603 3368 ,canere’
626 3283 681 3350 vel
705 3284 858 3370 ,carmine
883 3284 1000 3349 efferre
1023 3291 1056 3348 et
1077 3282 1249 3350 illustrare’
1272 3305 1362 3348 usur·

148 3392 256 3480 pavit:

214 3522 255 3606 V,
278 3525 313 3608 4,
336 3523 357 3588 2
381 3523 566 3610 ,Tarpeium
588 3544 704 3588 nemus
726 3533 759 3589 et
782 3522 942 3610 Tarpeiae
964 3531 1059 3610 turpe
1083 3520 1291 3610 sepulchrum

449 3629 574 3696 Pabor
597 3638 630 3696 et
652 3630 778 3716 antiqui
801 3628 917 3695 limina
940 3638 1034 3717 capta
1055 3625 1159 3694 Iovia'

149 3773 274 3839 Tamen
296 3771 407 3859 aliqua
427 3774 633 3840 vaticinandi
656 3775 745 3839 notio
768 3773 867 3838 etiam
889 3771 922 3837 h.
945 3771 966 3837 l.
983 3773 1019 3837 in
1034 3770 1135 3838 verbo
1152 3770 1231 3859 giari’
1246 3779 1361 3856 restat3

139 3879 190 3944 cf.
214 3881 303 3944 enim
325 3878 529 3946 simillimum
552 3879 686 3947 alterius
710 3878 856 3945 eiusdem
878 3879 1011 3966 generis
1034 3877 1171 3972 elegiae
1184 3878 1361 3968 eodemque

150 3995 239 4053 certe
262 3994 421 4074 tempore,
444 4008 465 4051 a
486 3987 655 4073 Propertio
678 4008 721 4052 ec.
744 3987 879 4068 iuvene,
902 3985 1069 4051 confectae
1093 3982 1278 4050 exordium:

192 4117 235 4202 V,
259 4117 309 4203 10,
334 4119 351 4182 1
375 4141 421 4206 sq.
444 4119 550 4207 ,Nunc
572 4119 660 4187 Iovis
682 4121 839 4208 incipiam
862 4140 975 4184 causas
998 4120 1153 4206 aperire
1174 4117 1305 4184 Feretri

455 4265 457 4271 ·
490 4225 656 4314 Armaque
680 4217 721 4294 de
744 4225 883 4292 ducibus
905 4226 994 4291 trina
1014 4233 1148 4312 recepta
1169 4223 1291 4292 tribus'.

147 4358 179 4424 E
202 4359 364 4426 contrario
387 4368 510 4444 autem,
532 4368 569 4426 ut
591 4361 638 4427 ita
660 4361 782 4445 dicam,
804 4362 971 4430 notionem
992 4361 1131 4427 mutavit
1152 4358 1246 4426 verbi

147 4515 341 4606 proloqui,
365 4519 406 4586 de
430 4521 522 4586 cuius
546 4543 643 4587 sensu
665 4521 770 4588 Varro
792 4521 813 4588 l.
835 4521 856 4587 l.
878 4519 909 4606 5,
929 4521 948 4587 7
971 4521 1187 4609 ,Prolccutum
1207 4519 1361 4605 dicimus,

149 4646 225 4695 cum
256 4627 378 4711 animo,
409 4626 495 4716 quod
525 4627 653 4714 habuit,
687 4628 807 4697 extulit
837 4627 1016 4716 loquendo',
1048 4636 1081 4698 ct
1107 4626 1170 4695 hae
1196 4628 1360 4699 seranta
