<?xml version="1.0" encoding="UTF-8"?>
<!DOCTYPE html PUBLIC "-//W3C//DTD XHTML 1.0 Transitional//EN"
    "http://www.w3.org/TR/xhtml1/DTD/xhtml1-transitional.dtd">
<html xmlns="http://www.w3.org/1999/xhtml" xml:lang="en" lang="en">
 <head>
  <title>
</title>
<meta http-equiv="Content-Type" content="text/html;charset=utf-8" />
  <meta name='ocr-system' content='tesseract 3.04.00' />
  <meta name='ocr-capabilities' content='ocr_page ocr_carea ocr_par ocr_line ocrx_word'/>
</head>
<body>
  <div class='ocr_page' id='page_1' title='image "./depropertioserm00schngoog_0053.png"; bbox 0 0 3326 5390; ppageno 0'>
   <div class='ocr_carea' id='block_1_1' title="bbox 797 364 1014 430">
    <p class='ocr_par' dir='ltr' id='par_1_1' title="bbox 797 364 1014 430">
     <span class='ocr_line' id='line_1_1' title="bbox 797 364 1014 430; baseline 0 -20"><span class='ocrx_word' id='word_1_1' title='bbox 797 364 1014 430; x_wconf 76' lang='lat'>..48-</span> 
     </span>
    </p>
   </div>
   <div class='ocr_carea' id='block_1_2' title="bbox 298 528 1513 731">
    <p class='ocr_par' dir='ltr' id='par_1_2' title="bbox 298 528 1513 731">
     <span class='ocr_line' id='line_1_2' title="bbox 299 528 1513 622; baseline 0.007 -29"><span class='ocrx_word' id='word_1_2' title='bbox 299 528 453 594; x_wconf 88' lang='lat' dir='ltr'><strong>mentum&#39;</strong></span> <span class='ocrx_word' id='word_1_3' title='bbox 485 532 682 618; x_wconf 82' lang='lat' dir='ltr'>invenimus,</span> <span class='ocrx_word' id='word_1_4' title='bbox 713 536 984 622; x_wconf 80' lang='lat' dir='ltr'><strong>quemadmodum</strong></span> <span class='ocrx_word' id='word_1_5' title='bbox 1007 573 1050 586; x_wconf 89' lang='lat'>-</span> <span class='ocrx_word' id='word_1_6' title='bbox 1072 547 1109 603; x_wconf 90' lang='lat' dir='ltr'><strong>ut</strong></span> <span class='ocrx_word' id='word_1_7' title='bbox 1136 541 1339 604; x_wconf 82' lang='lat' dir='ltr'><strong>notissimum</strong></span> <span class='ocrx_word' id='word_1_8' title='bbox 1367 538 1513 605; x_wconf 85' lang='lat' dir='ltr'><strong>adferam</strong></span> 
     </span>
     <span class='ocr_line' id='line_1_3' title="bbox 298 636 1512 731; baseline 0.008 -31"><span class='ocrx_word' id='word_1_9' title='bbox 298 636 485 724; x_wconf 85' lang='lat' dir='ltr'><strong>exemplum</strong></span> <span class='ocrx_word' id='word_1_10' title='bbox 504 675 541 686; x_wconf 91' lang='lat'><strong>·-</strong></span> <span class='ocrx_word' id='word_1_11' title='bbox 559 639 760 708; x_wconf 89' lang='lat' dir='ltr'><strong>Ovidianum</strong></span> <span class='ocrx_word' id='word_1_12' title='bbox 783 665 915 709; x_wconf 89' lang='lat' dir='ltr'><strong>carmen</strong></span> <span class='ocrx_word' id='word_1_13' title='bbox 936 642 1128 710; x_wconf 72' lang='lat' dir='ltr'><strong>inscribitur</strong></span> <span class='ocrx_word' id='word_1_14' title='bbox 1150 645 1381 731; x_wconf 68' lang='lat' dir='ltr'><strong>,Medicamina</strong></span> <span class='ocrx_word' id='word_1_15' title='bbox 1396 643 1512 727; x_wconf 85' lang='lat' dir='ltr'><strong>faciei’,</strong></span> 
     </span>
    </p>
   </div>
   <div class='ocr_carea' id='block_1_3' title="bbox 298 743 1392 1082">
    <p class='ocr_par' dir='ltr' id='par_1_3' title="bbox 298 743 1392 1082">
     <span class='ocr_line' id='line_1_4' title="bbox 298 743 863 839; baseline 0.014 -31"><span class='ocrx_word' id='word_1_16' title='bbox 298 743 340 810; x_wconf 87' lang='lat' dir='ltr'><strong>de</strong></span> <span class='ocrx_word' id='word_1_17' title='bbox 363 767 425 832; x_wconf 91' lang='lat' dir='ltr'><strong>quc</strong></span> <span class='ocrx_word' id='word_1_18' title='bbox 449 746 537 814; x_wconf 89' lang='lat' dir='ltr'><strong>idem</strong></span> <span class='ocrx_word' id='word_1_19' title='bbox 560 772 587 814; x_wconf 87' lang='lat' dir='ltr'><strong>a</strong></span> <span class='ocrx_word' id='word_1_20' title='bbox 610 773 637 815; x_wconf 88' lang='lat' dir='ltr'><strong>a</strong></span> <span class='ocrx_word' id='word_1_21' title='bbox 661 749 690 834; x_wconf 88' lang='grc'><strong>3,</strong></span> <span class='ocrx_word' id='word_1_22' title='bbox 714 750 777 816; x_wconf 90' lang='grc'><strong>205</strong></span> <span class='ocrx_word' id='word_1_23' title='bbox 801 775 863 839; x_wconf 91' lang='lat' dir='ltr'><strong>sq.:</strong></span> 
     </span>
     <span class='ocr_line' id='line_1_5' title="bbox 405 879 1392 971; baseline 0.006 -25"><span class='ocrx_word' id='word_1_24' title='bbox 405 879 473 966; x_wconf 70' lang='lat' dir='ltr'><strong>Just</strong></span> <span class='ocrx_word' id='word_1_25' title='bbox 496 882 585 967; x_wconf 93' lang='lat' dir='ltr'><strong>mihi,</strong></span> <span class='ocrx_word' id='word_1_26' title='bbox 609 906 671 971; x_wconf 93' lang='lat' dir='ltr'><strong>quo</strong></span> <span class='ocrx_word' id='word_1_27' title='bbox 694 885 764 950; x_wconf 88' lang='lat' dir='ltr'><strong>dixi</strong></span> <span class='ocrx_word' id='word_1_28' title='bbox 788 896 941 952; x_wconf 86' lang='lat' dir='ltr'><strong>vestrae</strong></span> <span class='ocrx_word' id='word_1_29' title='bbox 964 886 1225 953; x_wconf 82' lang='lat' dir='ltr'><strong>medicamina</strong></span> <span class='ocrx_word' id='word_1_30' title='bbox 1247 887 1392 952; x_wconf 83' lang='lat' dir='ltr'><strong>formae</strong></span> 
     </span>
     <span class='ocr_line' id='line_1_6' title="bbox 456 987 1225 1082; baseline 0.007 -28"><span class='ocrx_word' id='word_1_31' title='bbox 456 987 593 1072; x_wconf 82' lang='lat' dir='ltr'><strong>Parvus,</strong></span> <span class='ocrx_word' id='word_1_32' title='bbox 616 987 674 1057; x_wconf 87' lang='lat' dir='ltr'><strong>sed</strong></span> <span class='ocrx_word' id='word_1_33' title='bbox 697 1015 776 1057; x_wconf 88' lang='lat' dir='ltr'><strong>cura</strong></span> <span class='ocrx_word' id='word_1_34' title='bbox 797 993 937 1078; x_wconf 81' lang='lat' dir='ltr'><strong>grande,</strong></span> <span class='ocrx_word' id='word_1_35' title='bbox 960 992 1105 1077; x_wconf 87' lang='lat' dir='ltr'><strong>libellus,</strong></span> <span class='ocrx_word' id='word_1_36' title='bbox 1129 994 1225 1082; x_wconf 70' lang='lat' dir='ltr'><strong>opus?</strong></span> 
     </span>
    </p>
   </div>
   <div class='ocr_carea' id='block_1_4' title="bbox 404 1118 1313 1212">
    <p class='ocr_par' dir='ltr' id='par_1_4' title="bbox 404 1118 1313 1212">
     <span class='ocr_line' id='line_1_7' title="bbox 404 1118 1313 1212; baseline 0.006 -28"><span class='ocrx_word' id='word_1_37' title='bbox 404 1118 490 1185; x_wconf 89' lang='lat' dir='ltr'><strong>Mira</strong></span> <span class='ocrx_word' id='word_1_38' title='bbox 512 1143 638 1208; x_wconf 89' lang='lat' dir='ltr'><strong>quoque</strong></span> <span class='ocrx_word' id='word_1_39' title='bbox 660 1125 792 1189; x_wconf 90' lang='lat' dir='ltr'><strong>notione</strong></span> <span class='ocrx_word' id='word_1_40' title='bbox 815 1124 1002 1211; x_wconf 80' lang='lat' dir='ltr'><strong>Propertius</strong></span> <span class='ocrx_word' id='word_1_41' title='bbox 1025 1134 1160 1212; x_wconf 86' lang='lat' dir='ltr'><strong>usurpat</strong></span> <span class='ocrx_word' id='word_1_42' title='bbox 1180 1149 1313 1191; x_wconf 85' lang='lat' dir='ltr'><strong>vocem:</strong></span> 
     </span>
    </p>
   </div>
   <div class='ocr_carea' id='block_1_5' title="bbox 299 1266 1514 1365">
    <p class='ocr_par' dir='ltr' id='par_1_5' title="bbox 299 1266 1514 1365">
     <span class='ocr_line' id='line_1_8' title="bbox 299 1266 1514 1365; baseline 0.006 -31"><span class='ocrx_word' id='word_1_43' title='bbox 299 1266 460 1340; x_wconf 75' lang='lat' dir='ltr'><strong>mundus</strong></span> <span class='ocrx_word' id='word_1_44' title='bbox 481 1271 520 1359; x_wconf 88' lang='lat' dir='ltr'><strong>V,</strong></span> <span class='ocrx_word' id='word_1_45' title='bbox 544 1275 573 1357; x_wconf 87' lang='lat'><strong>3,</strong></span> <span class='ocrx_word' id='word_1_46' title='bbox 597 1275 637 1341; x_wconf 77' lang='lat'><strong>37</strong></span> <span class='ocrx_word' id='word_1_47' title='bbox 663 1275 778 1364; x_wconf 68' lang='lat' dir='ltr'><strong>,Cogor</strong></span> <span class='ocrx_word' id='word_1_48' title='bbox 801 1287 834 1342; x_wconf 90' lang='lat' dir='ltr'><strong>et</strong></span> <span class='ocrx_word' id='word_1_49' title='bbox 857 1301 874 1342; x_wconf 90' lang='lat' dir='ltr'><strong>e</strong></span> <span class='ocrx_word' id='word_1_50' title='bbox 897 1277 1011 1343; x_wconf 89' lang='lat' dir='ltr'><strong>tabula</strong></span> <span class='ocrx_word' id='word_1_51' title='bbox 1024 1280 1151 1365; x_wconf 87' lang='lat' dir='ltr'><strong>pictos</strong></span> <span class='ocrx_word' id='word_1_52' title='bbox 1171 1279 1318 1344; x_wconf 80' lang='lat' dir='ltr'><strong>ediscere</strong></span> <span class='ocrx_word' id='word_1_53' title='bbox 1334 1275 1514 1360; x_wconf 90' lang='lat' dir='ltr'><strong>mundos’,</strong></span> 
     </span>
    </p>
   </div>
   <div class='ocr_carea' id='block_1_6' title="bbox 296 1399 1515 1818">
    <p class='ocr_par' dir='ltr' id='par_1_6' title="bbox 296 1399 1515 1818">
     <span class='ocr_line' id='line_1_9' title="bbox 298 1399 1513 1499; baseline 0.006 -33"><span class='ocrx_word' id='word_1_54' title='bbox 298 1399 355 1467; x_wconf 90' lang='lat' dir='ltr'><strong>ubi</strong></span> <span class='ocrx_word' id='word_1_55' title='bbox 388 1403 476 1471; x_wconf 91' lang='lat' dir='ltr'><strong>idem</strong></span> <span class='ocrx_word' id='word_1_56' title='bbox 506 1418 554 1474; x_wconf 87' lang='lat' dir='ltr'><strong>est</strong></span> <span class='ocrx_word' id='word_1_57' title='bbox 577 1432 616 1474; x_wconf 92' lang='lat' dir='ltr'><strong>ac</strong></span> <span class='ocrx_word' id='word_1_58' title='bbox 637 1418 738 1492; x_wconf 89' lang='lat' dir='ltr'><strong>terra,</strong></span> <span class='ocrx_word' id='word_1_59' title='bbox 768 1410 864 1494; x_wconf 91' lang='lat' dir='ltr'><strong>fines,</strong></span> <span class='ocrx_word' id='word_1_60' title='bbox 892 1413 1022 1498; x_wconf 89' lang='lat' dir='ltr'><strong>poetice</strong></span> <span class='ocrx_word' id='word_1_61' title='bbox 1049 1410 1182 1499; x_wconf 87' lang='lat' dir='ltr'><strong>quidem</strong></span> <span class='ocrx_word' id='word_1_62' title='bbox 1211 1411 1270 1477; x_wconf 92' lang='lat' dir='ltr'><strong>sed</strong></span> <span class='ocrx_word' id='word_1_63' title='bbox 1297 1410 1513 1477; x_wconf 79' lang='lat' dir='ltr'><strong>audacissime</strong></span> 
     </span>
     <span class='ocr_line' id='line_1_10' title="bbox 299 1506 1511 1605; baseline 0.006 -33"><span class='ocrx_word' id='word_1_64' title='bbox 299 1506 439 1576; x_wconf 84' lang='lat' dir='ltr'><strong>dictum:</strong></span> <span class='ocrx_word' id='word_1_65' title='bbox 470 1536 535 1580; x_wconf 91' lang='lat' dir='ltr'><strong>non</strong></span> <span class='ocrx_word' id='word_1_66' title='bbox 565 1516 659 1581; x_wconf 93' lang='lat' dir='ltr'><strong>modo</strong></span> <span class='ocrx_word' id='word_1_67' title='bbox 687 1519 775 1582; x_wconf 90' lang='lat' dir='ltr'><strong>enim</strong></span> <span class='ocrx_word' id='word_1_68' title='bbox 805 1517 966 1605; x_wconf 82' lang='lat' dir='ltr'><strong>analogum</strong></span> <span class='ocrx_word' id='word_1_69' title='bbox 994 1520 1145 1584; x_wconf 89' lang='lat' dir='ltr'><strong>invenire</strong></span> <span class='ocrx_word' id='word_1_70' title='bbox 1169 1540 1310 1604; x_wconf 84' lang='lat' dir='ltr'><strong>nequeo,</strong></span> <span class='ocrx_word' id='word_1_71' title='bbox 1332 1517 1391 1582; x_wconf 87' lang='lat' dir='ltr'><strong>sed</strong></span> <span class='ocrx_word' id='word_1_72' title='bbox 1414 1517 1511 1580; x_wconf 87' lang='lat' dir='ltr'><strong>etiam</strong></span> 
     </span>
     <span class='ocr_line' id='line_1_11' title="bbox 297 1613 1511 1712; baseline 0.005 -33"><span class='ocrx_word' id='word_1_73' title='bbox 297 1613 380 1701; x_wconf 85' lang='lat' dir='ltr'><strong>plur.</strong></span> <span class='ocrx_word' id='word_1_74' title='bbox 412 1641 584 1687; x_wconf 90' lang='lat' dir='ltr'><strong>numerum</strong></span> <span class='ocrx_word' id='word_1_75' title='bbox 615 1624 705 1689; x_wconf 88' lang='lat' dir='ltr'><strong>vocis</strong></span> <span class='ocrx_word' id='word_1_76' title='bbox 737 1623 893 1710; x_wconf 72' lang='lat' dir='ltr'><strong>,mundus’</strong></span> <span class='ocrx_word' id='word_1_77' title='bbox 927 1627 1059 1690; x_wconf 91' lang='lat' dir='ltr'><strong>omnino</strong></span> <span class='ocrx_word' id='word_1_78' title='bbox 1096 1647 1161 1690; x_wconf 91' lang='lat' dir='ltr'><strong>non</strong></span> <span class='ocrx_word' id='word_1_79' title='bbox 1194 1622 1414 1712; x_wconf 87' lang='lat' dir='ltr'><strong>deprehendi,</strong></span> <span class='ocrx_word' id='word_1_80' title='bbox 1448 1623 1511 1686; x_wconf 90' lang='lat' dir='ltr'><strong>nisi</strong></span> 
     </span>
     <span class='ocr_line' id='line_1_12' title="bbox 296 1720 1515 1818; baseline 0.006 -31"><span class='ocrx_word' id='word_1_81' title='bbox 296 1720 354 1788; x_wconf 89' lang='lat' dir='ltr'><strong>ubi</strong></span> <span class='ocrx_word' id='word_1_82' title='bbox 393 1724 434 1791; x_wconf 90' lang='lat' dir='ltr'><strong>de</strong></span> <span class='ocrx_word' id='word_1_83' title='bbox 473 1729 653 1795; x_wconf 88' lang='lat' dir='ltr'><strong>Democriti</strong></span> <span class='ocrx_word' id='word_1_84' title='bbox 691 1733 860 1796; x_wconf 89' lang='lat' dir='ltr'><strong>notissima</strong></span> <span class='ocrx_word' id='word_1_85' title='bbox 897 1731 955 1796; x_wconf 90' lang='lat' dir='ltr'><strong>illa</strong></span> <span class='ocrx_word' id='word_1_86' title='bbox 993 1731 1169 1818; x_wconf 90' lang='lat' dir='ltr'><strong>disciplina</strong></span> <span class='ocrx_word' id='word_1_87' title='bbox 1202 1733 1324 1817; x_wconf 89' lang='lat' dir='ltr'><strong>agitur,</strong></span> <span class='ocrx_word' id='word_1_88' title='bbox 1361 1740 1394 1795; x_wconf 90' lang='lat' dir='ltr'><strong>et</strong></span> <span class='ocrx_word' id='word_1_89' title='bbox 1428 1728 1515 1816; x_wconf 89' lang='lat' dir='ltr'><strong>apud</strong></span> 
     </span>
    </p>
   </div>
   <div class='ocr_carea' id='block_1_7' title="bbox 299 1827 558 1914">
    <p class='ocr_par' dir='ltr' id='par_1_7' title="bbox 299 1827 558 1914">
     <span class='ocr_line' id='line_1_13' title="bbox 299 1827 558 1914; baseline 0.031 -21"><span class='ocrx_word' id='word_1_90' title='bbox 299 1827 395 1896; x_wconf 86' lang='lat' dir='ltr'><strong>Lucr.</strong></span> <span class='ocrx_word' id='word_1_91' title='bbox 418 1829 453 1914; x_wconf 88' lang='grc'><strong>5,</strong></span> <span class='ocrx_word' id='word_1_92' title='bbox 475 1831 558 1901; x_wconf 84' lang='lat'><strong>529:</strong></span> 
     </span>
    </p>
   </div>
   <div class='ocr_carea' id='block_1_8' title="bbox 532 1969 1272 2054">
    <p class='ocr_par' dir='ltr' id='par_1_8' title="bbox 532 1969 1272 2054">
     <span class='ocr_line' id='line_1_14' title="bbox 532 1969 1272 2054; baseline 0 -20"><span class='ocrx_word' id='word_1_93' title='bbox 532 1969 580 2054; x_wconf 64' lang='lat' dir='ltr'><strong>,In</strong></span> <span class='ocrx_word' id='word_1_94' title='bbox 602 1971 705 2035; x_wconf 86' lang='lat' dir='ltr'><strong>variis</strong></span> <span class='ocrx_word' id='word_1_95' title='bbox 726 1970 858 2037; x_wconf 87' lang='lat' dir='ltr'><strong>mundis</strong></span> <span class='ocrx_word' id='word_1_96' title='bbox 880 1973 974 2036; x_wconf 84' lang='lat' dir='ltr'><strong>varia</strong></span> <span class='ocrx_word' id='word_1_97' title='bbox 995 1973 1122 2038; x_wconf 89' lang='lat' dir='ltr'><strong>ratione</strong></span> <span class='ocrx_word' id='word_1_98' title='bbox 1146 1969 1272 2037; x_wconf 87' lang='lat' dir='ltr'><strong>creatis&#39;</strong></span> 
     </span>
    </p>
   </div>
   <div class='ocr_carea' id='block_1_9' title="bbox 299 2097 1517 2511">
    <p class='ocr_par' dir='ltr' id='par_1_9' title="bbox 299 2097 1517 2511">
     <span class='ocr_line' id='line_1_15' title="bbox 300 2097 1517 2191; baseline 0.004 -29"><span class='ocrx_word' id='word_1_99' title='bbox 300 2103 333 2162; x_wconf 85' lang='lat' dir='ltr'><strong>et</strong></span> <span class='ocrx_word' id='word_1_100' title='bbox 355 2097 443 2186; x_wconf 90' lang='lat' dir='ltr'><strong>apud</strong></span> <span class='ocrx_word' id='word_1_101' title='bbox 465 2097 533 2165; x_wconf 76' lang='lat' dir='ltr'><strong>(tie.</strong></span> <span class='ocrx_word' id='word_1_102' title='bbox 557 2101 648 2168; x_wconf 79' lang='lat' dir='ltr'><strong>acad.</strong></span> <span class='ocrx_word' id='word_1_103' title='bbox 669 2103 773 2186; x_wconf 77' lang='lat'><strong>11,17</strong></span> <span class='ocrx_word' id='word_1_104' title='bbox 799 2115 841 2191; x_wconf 70' lang='lat' dir='ltr'><strong>,et</strong></span> <span class='ocrx_word' id='word_1_105' title='bbox 863 2107 911 2170; x_wconf 90' lang='lat' dir='ltr'><strong>ais</strong></span> <span class='ocrx_word' id='word_1_106' title='bbox 933 2105 1159 2170; x_wconf 84' lang='lat' dir='ltr'><strong>Democritum</strong></span> <span class='ocrx_word' id='word_1_107' title='bbox 1182 2105 1307 2187; x_wconf 88' lang='lat' dir='ltr'><strong>dicere,</strong></span> <span class='ocrx_word' id='word_1_108' title='bbox 1330 2106 1517 2169; x_wconf 88' lang='lat' dir='ltr'><strong>innumera·</strong></span> 
     </span>
     <span class='ocr_line' id='line_1_16' title="bbox 299 2201 1517 2298; baseline 0.004 -30"><span class='ocrx_word' id='word_1_109' title='bbox 299 2201 384 2270; x_wconf 88' lang='lat' dir='ltr'><strong>biles</strong></span> <span class='ocrx_word' id='word_1_110' title='bbox 408 2227 477 2272; x_wconf 91' lang='lat' dir='ltr'><strong>esse</strong></span> <span class='ocrx_word' id='word_1_111' title='bbox 500 2207 654 2293; x_wconf 86' lang='lat' dir='ltr'><strong>mundos&#39;,</strong></span> <span class='ocrx_word' id='word_1_112' title='bbox 682 2213 739 2298; x_wconf 92' lang='lat' dir='ltr'><strong>qui</strong></span> <span class='ocrx_word' id='word_1_113' title='bbox 766 2234 844 2277; x_wconf 88' lang='lat' dir='ltr'><strong>vero</strong></span> <span class='ocrx_word' id='word_1_114' title='bbox 873 2213 937 2277; x_wconf 90' lang='lat' dir='ltr'><strong>loci</strong></span> <span class='ocrx_word' id='word_1_115' title='bbox 967 2212 1052 2277; x_wconf 94' lang='lat' dir='ltr'><strong>nihil</strong></span> <span class='ocrx_word' id='word_1_116' title='bbox 1079 2212 1122 2278; x_wconf 89' lang='lat' dir='ltr'><strong>ad</strong></span> <span class='ocrx_word' id='word_1_117' title='bbox 1149 2212 1243 2278; x_wconf 89' lang='lat' dir='ltr'><strong>illum</strong></span> <span class='ocrx_word' id='word_1_118' title='bbox 1265 2212 1517 2298; x_wconf 89' lang='lat' dir='ltr'><strong>Propertianum</strong></span> 
     </span>
     <span class='ocr_line' id='line_1_17' title="bbox 300 2313 1516 2406; baseline 0.004 -31"><span class='ocrx_word' id='word_1_119' title='bbox 300 2313 475 2398; x_wconf 87' lang='lat' dir='ltr'><strong>pertinent.</strong></span> <span class='ocrx_word' id='word_1_120' title='bbox 510 2313 681 2399; x_wconf 87' lang='lat' dir='ltr'><strong>Similiter,</strong></span> <span class='ocrx_word' id='word_1_121' title='bbox 714 2320 862 2404; x_wconf 85' lang='lat' dir='ltr'><strong>quamvis</strong></span> <span class='ocrx_word' id='word_1_122' title='bbox 892 2340 958 2383; x_wconf 91' lang='lat' dir='ltr'><strong>non</strong></span> <span class='ocrx_word' id='word_1_123' title='bbox 989 2341 1091 2406; x_wconf 91' lang='lat' dir='ltr'><strong>aeque</strong></span> <span class='ocrx_word' id='word_1_124' title='bbox 1124 2319 1290 2401; x_wconf 87' lang='lat' dir='ltr'><strong>audacter,</strong></span> <span class='ocrx_word' id='word_1_125' title='bbox 1321 2318 1406 2383; x_wconf 91' lang='lat' dir='ltr'><strong>illud</strong></span> <span class='ocrx_word' id='word_1_126' title='bbox 1433 2316 1516 2381; x_wconf 92' lang='lat' dir='ltr'><strong>mihi</strong></span> 
     </span>
     <span class='ocr_line' id='line_1_18' title="bbox 300 2415 1401 2511; baseline 0.005 -29"><span class='ocrx_word' id='word_1_127' title='bbox 300 2415 424 2484; x_wconf 89' lang='lat' dir='ltr'><strong>dictum</strong></span> <span class='ocrx_word' id='word_1_128' title='bbox 448 2443 517 2486; x_wconf 88' lang='lat' dir='ltr'><strong>esse</strong></span> <span class='ocrx_word' id='word_1_129' title='bbox 541 2422 684 2507; x_wconf 89' lang='lat' dir='ltr'><strong>videtur,</strong></span> <span class='ocrx_word' id='word_1_130' title='bbox 707 2425 794 2511; x_wconf 90' lang='lat' dir='ltr'><strong>quod</strong></span> <span class='ocrx_word' id='word_1_131' title='bbox 815 2424 956 2510; x_wconf 85' lang='lat' dir='ltr'><strong>legimus</strong></span> <span class='ocrx_word' id='word_1_132' title='bbox 978 2425 1017 2508; x_wconf 92' lang='lat' dir='ltr'><strong>V,</strong></span> <span class='ocrx_word' id='word_1_133' title='bbox 1041 2426 1076 2508; x_wconf 85' lang='lat'><strong>6,</strong></span> <span class='ocrx_word' id='word_1_134' title='bbox 1099 2423 1142 2489; x_wconf 87' lang='grc'><strong>49</strong></span> <span class='ocrx_word' id='word_1_135' title='bbox 1166 2427 1255 2511; x_wconf 67' lang='lat' dir='ltr'><strong>,picti</strong></span> <span class='ocrx_word' id='word_1_136' title='bbox 1278 2422 1401 2489; x_wconf 89' lang='lat' dir='ltr'><strong>metus’.</strong></span> 
     </span>
    </p>
   </div>
   <div class='ocr_carea' id='block_1_10' title="bbox 301 2564 1518 2661">
    <p class='ocr_par' dir='ltr' id='par_1_10' title="bbox 301 2564 1518 2661">
     <span class='ocr_line' id='line_1_19' title="bbox 301 2564 1518 2661; baseline 0 -25"><span class='ocrx_word' id='word_1_137' title='bbox 301 2564 410 2654; x_wconf 71' lang='lat' dir='ltr'><strong>quies</strong></span> <span class='ocrx_word' id='word_1_138' title='bbox 432 2592 452 2636; x_wconf 93' lang='lat' dir='ltr'><strong>a</strong></span> <span class='ocrx_word' id='word_1_139' title='bbox 473 2570 623 2658; x_wconf 85' lang='lat' dir='ltr'><strong>Vergilio</strong></span> <span class='ocrx_word' id='word_1_140' title='bbox 646 2573 687 2639; x_wconf 93' lang='lat' dir='ltr'><strong>de</strong></span> <span class='ocrx_word' id='word_1_141' title='bbox 716 2596 827 2661; x_wconf 90' lang='lat' dir='ltr'><strong>sopore</strong></span> <span class='ocrx_word' id='word_1_142' title='bbox 856 2576 961 2661; x_wconf 90' lang='lat' dir='ltr'><strong>letali,</strong></span> <span class='ocrx_word' id='word_1_143' title='bbox 988 2575 1047 2642; x_wconf 89' lang='lat' dir='ltr'><strong>sed</strong></span> <span class='ocrx_word' id='word_1_144' title='bbox 1076 2598 1141 2642; x_wconf 87' lang='lat' dir='ltr'><strong>non</strong></span> <span class='ocrx_word' id='word_1_145' title='bbox 1173 2577 1238 2642; x_wconf 91' lang='lat' dir='ltr'><strong>nisi</strong></span> <span class='ocrx_word' id='word_1_146' title='bbox 1269 2573 1402 2657; x_wconf 89' lang='lat' dir='ltr'><strong>additis,</strong></span> <span class='ocrx_word' id='word_1_147' title='bbox 1434 2594 1518 2659; x_wconf 86' lang='lat' dir='ltr'><strong>quae</strong></span> 
     </span>
    </p>
   </div>
   <div class='ocr_carea' id='block_1_11' title="bbox 302 2679 1519 2869">
    <p class='ocr_par' dir='ltr' id='par_1_11' title="bbox 302 2679 1519 2869">
     <span class='ocr_line' id='line_1_20' title="bbox 302 2679 1519 2768; baseline 0.004 -29"><span class='ocrx_word' id='word_1_148' title='bbox 302 2695 374 2740; x_wconf 91' lang='lat' dir='ltr'><strong>eam</strong></span> <span class='ocrx_word' id='word_1_149' title='bbox 406 2679 571 2744; x_wconf 89' lang='lat' dir='ltr'><strong>notionem</strong></span> <span class='ocrx_word' id='word_1_150' title='bbox 603 2680 782 2768; x_wconf 88' lang='lat' dir='ltr'><strong>explicent,</strong></span> <span class='ocrx_word' id='word_1_151' title='bbox 814 2693 987 2768; x_wconf 87' lang='lat' dir='ltr'><strong>usurpatur</strong></span> <span class='ocrx_word' id='word_1_152' title='bbox 1019 2681 1103 2749; x_wconf 86' lang='lat' dir='ltr'><strong>Aen.</strong></span> <span class='ocrx_word' id='word_1_153' title='bbox 1128 2682 1180 2766; x_wconf 91' lang='lat'><strong>10,</strong></span> <span class='ocrx_word' id='word_1_154' title='bbox 1214 2681 1279 2748; x_wconf 82' lang='grc'><strong>745</strong></span> <span class='ocrx_word' id='word_1_155' title='bbox 1307 2682 1375 2768; x_wconf 91' lang='lat' dir='ltr'><strong>(qui</strong></span> <span class='ocrx_word' id='word_1_156' title='bbox 1404 2701 1519 2754; x_wconf 88' lang='lat' dir='ltr'><strong>versus</strong></span> 
     </span>
     <span class='ocr_line' id='line_1_21' title="bbox 303 2781 636 2869; baseline 0.015 -23"><span class='ocrx_word' id='word_1_157' title='bbox 303 2781 440 2849; x_wconf 84' lang='lat' dir='ltr'><strong>iteratur</strong></span> <span class='ocrx_word' id='word_1_158' title='bbox 465 2785 517 2869; x_wconf 98' lang='grc'><strong>12,</strong></span> <span class='ocrx_word' id='word_1_159' title='bbox 541 2785 636 2868; x_wconf 84' lang='lat'>309):</span> 
     </span>
    </p>
   </div>
   <div class='ocr_carea' id='block_1_12' title="bbox 505 2907 1307 3082">
    <p class='ocr_par' dir='ltr' id='par_1_12' title="bbox 505 2907 1307 3082">
     <span class='ocr_line' id='line_1_22' title="bbox 506 2907 1307 2998; baseline 0.005 -25"><span class='ocrx_word' id='word_1_160' title='bbox 506 2907 581 2994; x_wconf 70' lang='lat' dir='ltr'><strong>,Olli</strong></span> <span class='ocrx_word' id='word_1_161' title='bbox 605 2909 689 2976; x_wconf 91' lang='lat' dir='ltr'><strong>dura</strong></span> <span class='ocrx_word' id='word_1_162' title='bbox 710 2913 820 2997; x_wconf 90' lang='lat' dir='ltr'><strong>quies</strong></span> <span class='ocrx_word' id='word_1_163' title='bbox 843 2910 952 2978; x_wconf 90' lang='lat' dir='ltr'><strong>oculos</strong></span> <span class='ocrx_word' id='word_1_164' title='bbox 975 2923 1013 2978; x_wconf 92' lang='lat' dir='ltr'><strong>et</strong></span> <span class='ocrx_word' id='word_1_165' title='bbox 1035 2913 1187 2979; x_wconf 83' lang='lat' dir='ltr'><strong>ferreus</strong></span> <span class='ocrx_word' id='word_1_166' title='bbox 1209 2921 1307 2998; x_wconf 84' lang='lat' dir='ltr'><strong>urget</strong></span> 
     </span>
     <span class='ocr_line' id='line_1_23' title="bbox 505 3013 686 3082; baseline 0.006 -1"><span class='ocrx_word' id='word_1_167' title='bbox 505 3013 686 3082; x_wconf 87' lang='lat' dir='ltr'><strong>Somnus&#39;.</strong></span> 
     </span>
    </p>
   </div>
   <div class='ocr_carea' id='block_1_13' title="bbox 303 3145 1517 3338">
    <p class='ocr_par' dir='ltr' id='par_1_13' title="bbox 303 3145 1517 3338">
     <span class='ocr_line' id='line_1_24' title="bbox 304 3145 1517 3235; baseline 0.002 -23"><span class='ocrx_word' id='word_1_168' title='bbox 304 3145 432 3212; x_wconf 85' lang='lat' dir='ltr'><strong>Primus</strong></span> <span class='ocrx_word' id='word_1_169' title='bbox 461 3158 570 3213; x_wconf 90' lang='lat' dir='ltr'><strong>autem</strong></span> <span class='ocrx_word' id='word_1_170' title='bbox 599 3170 638 3212; x_wconf 91' lang='lat' dir='ltr'><strong>ac</strong></span> <span class='ocrx_word' id='word_1_171' title='bbox 667 3147 752 3213; x_wconf 90' lang='lat' dir='ltr'><strong>solus</strong></span> <span class='ocrx_word' id='word_1_172' title='bbox 781 3147 875 3235; x_wconf 89' lang='lat' dir='ltr'><strong>Prcp.</strong></span> <span class='ocrx_word' id='word_1_173' title='bbox 904 3149 1049 3216; x_wconf 87' lang='lat' dir='ltr'><strong>absolute</strong></span> <span class='ocrx_word' id='word_1_174' title='bbox 1077 3150 1118 3215; x_wconf 92' lang='lat' dir='ltr'><strong>de</strong></span> <span class='ocrx_word' id='word_1_175' title='bbox 1145 3158 1248 3215; x_wconf 91' lang='lat' dir='ltr'><strong>morte</strong></span> <span class='ocrx_word' id='word_1_176' title='bbox 1272 3148 1424 3215; x_wconf 86' lang='lat' dir='ltr'><strong>adhibuit</strong></span> <span class='ocrx_word' id='word_1_177' title='bbox 1447 3171 1517 3215; x_wconf 90' lang='lat' dir='ltr'><strong>eam</strong></span> 
     </span>
     <span class='ocr_line' id='line_1_25' title="bbox 303 3251 665 3338; baseline 0 -20"><span class='ocrx_word' id='word_1_178' title='bbox 303 3275 416 3320; x_wconf 88' lang='lat' dir='ltr'><strong>vocem</strong></span> <span class='ocrx_word' id='word_1_179' title='bbox 438 3253 502 3338; x_wconf 88' lang='lat'><strong>111,</strong></span> <span class='ocrx_word' id='word_1_180' title='bbox 525 3253 582 3338; x_wconf 88' lang='grc'><strong>24,</strong></span> <span class='ocrx_word' id='word_1_181' title='bbox 605 3251 665 3318; x_wconf 80' lang='lat'><strong>25:</strong></span> 
     </span>
    </p>
   </div>
   <div class='ocr_carea' id='block_1_14' title="bbox 461 3387 1340 3478">
    <p class='ocr_par' dir='ltr' id='par_1_14' title="bbox 461 3387 1340 3478">
     <span class='ocr_line' id='line_1_26' title="bbox 461 3387 1340 3478; baseline 0.001 -25"><span class='ocrx_word' id='word_1_182' title='bbox 461 3387 566 3476; x_wconf 68' lang='lat' dir='ltr'><strong>,Quod</strong></span> <span class='ocrx_word' id='word_1_183' title='bbox 588 3389 615 3452; x_wconf 91' lang='lat' dir='ltr'><strong>si</strong></span> <span class='ocrx_word' id='word_1_184' title='bbox 639 3387 722 3452; x_wconf 86' lang='lat' dir='ltr'><strong>forte</strong></span> <span class='ocrx_word' id='word_1_185' title='bbox 745 3387 807 3452; x_wconf 88' lang='lat' dir='ltr'><strong>tibi</strong></span> <span class='ocrx_word' id='word_1_186' title='bbox 830 3391 1036 3475; x_wconf 87' lang='lat' dir='ltr'><strong>properarint</strong></span> <span class='ocrx_word' id='word_1_187' title='bbox 1058 3388 1126 3456; x_wconf 87' lang='lat' dir='ltr'><strong>fata</strong></span> <span class='ocrx_word' id='word_1_188' title='bbox 1147 3388 1340 3478; x_wconf 87' lang='lat' dir='ltr'><strong>quietem’.</strong></span> 
     </span>
    </p>
   </div>
   <div class='ocr_carea' id='block_1_15' title="bbox 302 3519 1520 3716">
    <p class='ocr_par' dir='ltr' id='par_1_15' title="bbox 302 3519 1520 3716">
     <span class='ocr_line' id='line_1_27' title="bbox 302 3519 1518 3610; baseline -0.005 -20"><span class='ocrx_word' id='word_1_189' title='bbox 302 3521 402 3610; x_wconf 84' lang='lat' dir='ltr'><strong>Apud</strong></span> <span class='ocrx_word' id='word_1_190' title='bbox 422 3522 572 3608; x_wconf 89' lang='lat' dir='ltr'><strong>&#39;primum</strong></span> <span class='ocrx_word' id='word_1_191' title='bbox 602 3541 728 3606; x_wconf 91' lang='lat' dir='ltr'><strong>quoque</strong></span> <span class='ocrx_word' id='word_1_192' title='bbox 757 3519 962 3606; x_wconf 87' lang='lat' dir='ltr'><strong>Propertium</strong></span> <span class='ocrx_word' id='word_1_193' title='bbox 993 3521 1034 3586; x_wconf 91' lang='lat' dir='ltr'><strong>de</strong></span> <span class='ocrx_word' id='word_1_194' title='bbox 1063 3532 1208 3609; x_wconf 91' lang='lat' dir='ltr'><strong>tempore</strong></span> <span class='ocrx_word' id='word_1_195' title='bbox 1238 3519 1444 3610; x_wconf 89' lang='lat' dir='ltr'><strong>quiescendi,</strong></span> <span class='ocrx_word' id='word_1_196' title='bbox 1477 3519 1518 3585; x_wconf 92' lang='lat' dir='ltr'><strong>de</strong></span> 
     </span>
     <span class='ocr_line' id='line_1_28' title="bbox 304 3623 1520 3716; baseline -0.006 -20"><span class='ocrx_word' id='word_1_197' title='bbox 304 3638 413 3712; x_wconf 86' lang='lat' dir='ltr'><strong>nocte,</strong></span> <span class='ocrx_word' id='word_1_198' title='bbox 443 3625 567 3692; x_wconf 90' lang='lat' dir='ltr'><strong>dictum</strong></span> <span class='ocrx_word' id='word_1_199' title='bbox 597 3623 685 3689; x_wconf 92' lang='lat' dir='ltr'><strong>idem</strong></span> <span class='ocrx_word' id='word_1_200' title='bbox 712 3624 907 3692; x_wconf 87' lang='lat' dir='ltr'><strong>vocabulum</strong></span> <span class='ocrx_word' id='word_1_201' title='bbox 936 3631 1094 3694; x_wconf 90' lang='lat' dir='ltr'><strong>occurrit:</strong></span> <span class='ocrx_word' id='word_1_202' title='bbox 1121 3636 1157 3693; x_wconf 93' lang='lat' dir='ltr'><strong>ut</strong></span> <span class='ocrx_word' id='word_1_203' title='bbox 1180 3631 1269 3694; x_wconf 91' lang='lat' dir='ltr'><strong>onim</strong></span> <span class='ocrx_word' id='word_1_204' title='bbox 1293 3629 1422 3716; x_wconf 68' lang='lat' dir='ltr'><strong>,ducere</strong></span> <span class='ocrx_word' id='word_1_205' title='bbox 1446 3647 1520 3690; x_wconf 89' lang='lat' dir='ltr'><strong>noc-</strong></span> 
     </span>
    </p>
   </div>
   <div class='ocr_carea' id='block_1_16' title="bbox 304 3729 1519 3922">
    <p class='ocr_par' dir='ltr' id='par_1_16' title="bbox 304 3729 1519 3922">
     <span class='ocr_line' id='line_1_29' title="bbox 304 3729 1519 3822; baseline -0.007 -18"><span class='ocrx_word' id='word_1_206' title='bbox 304 3733 378 3804; x_wconf 87' lang='lat' dir='ltr'><strong>tcm’</strong></span> <span class='ocrx_word' id='word_1_207' title='bbox 409 3737 478 3822; x_wconf 89' lang='lat' dir='ltr'><strong>ipse</strong></span> <span class='ocrx_word' id='word_1_208' title='bbox 508 3732 537 3815; x_wconf 95' lang='lat' dir='ltr'><strong>I,</strong></span> <span class='ocrx_word' id='word_1_209' title='bbox 572 3731 625 3815; x_wconf 92' lang='lat'><strong>11,</strong></span> <span class='ocrx_word' id='word_1_210' title='bbox 655 3729 692 3814; x_wconf 77' lang='lat'><strong>53</strong></span> <span class='ocrx_word' id='word_1_211' title='bbox 719 3732 760 3816; x_wconf 92' lang='lat' dir='ltr'><strong>V,</strong></span> <span class='ocrx_word' id='word_1_212' title='bbox 787 3731 821 3816; x_wconf 89' lang='grc'><strong>6,</strong></span> <span class='ocrx_word' id='word_1_213' title='bbox 849 3732 891 3799; x_wconf 91' lang='grc'><strong>85</strong></span> <span class='ocrx_word' id='word_1_214' title='bbox 919 3733 1058 3820; x_wconf 63' lang='lat' dir='ltr'><strong>,trahere</strong></span> <span class='ocrx_word' id='word_1_215' title='bbox 1089 3735 1226 3802; x_wconf 85' lang='lat' dir='ltr'><strong>noctem&#39;</strong></span> <span class='ocrx_word' id='word_1_216' title='bbox 1254 3736 1355 3822; x_wconf 86' lang='lat' dir='ltr'><strong>Verg.</strong></span> <span class='ocrx_word' id='word_1_217' title='bbox 1377 3733 1461 3798; x_wconf 86' lang='lat' dir='ltr'><strong>Aen.</strong></span> <span class='ocrx_word' id='word_1_218' title='bbox 1489 3731 1519 3816; x_wconf 91' lang='lat' dir='ltr'><strong>I,</strong></span> 
     </span>
     <span class='ocr_line' id='line_1_30' title="bbox 304 3837 780 3922; baseline -0.017 -12"><span class='ocrx_word' id='word_1_219' title='bbox 304 3842 369 3910; x_wconf 81' lang='grc'><strong>752</strong></span> <span class='ocrx_word' id='word_1_220' title='bbox 392 3851 425 3908; x_wconf 89' lang='lat' dir='ltr'><strong>et</strong></span> <span class='ocrx_word' id='word_1_221' title='bbox 447 3837 518 3922; x_wconf 91' lang='lat' dir='ltr'><strong>alii,</strong></span> <span class='ocrx_word' id='word_1_222' title='bbox 542 3839 589 3903; x_wconf 90' lang='lat' dir='ltr'><strong>ita</strong></span> <span class='ocrx_word' id='word_1_223' title='bbox 610 3838 640 3921; x_wconf 93' lang='lat' dir='ltr'><strong>I,</strong></span> <span class='ocrx_word' id='word_1_224' title='bbox 664 3838 719 3922; x_wconf 82' lang='lat'><strong>14,</strong></span> <span class='ocrx_word' id='word_1_225' title='bbox 742 3839 780 3904; x_wconf 87' lang='lat'><strong>9:</strong></span> 
     </span>
    </p>
   </div>
   <div class='ocr_carea' id='block_1_17' title="bbox 435 3972 1462 4147">
    <p class='ocr_par' dir='ltr' id='par_1_17' title="bbox 435 3972 1661 4475">
     <span class='ocr_line' id='line_1_31' title="bbox 435 3972 1462 4062; baseline -0.002 -22"><span class='ocrx_word' id='word_1_226' title='bbox 435 3973 527 4062; x_wconf 71' lang='lat' dir='ltr'><strong>,Nam</strong></span> <span class='ocrx_word' id='word_1_227' title='bbox 550 3972 620 4036; x_wconf 87' lang='lat' dir='ltr'><strong>sive</strong></span> <span class='ocrx_word' id='word_1_228' title='bbox 642 3980 784 4057; x_wconf 90' lang='lat' dir='ltr'><strong>optatam</strong></span> <span class='ocrx_word' id='word_1_229' title='bbox 806 3994 935 4038; x_wconf 90' lang='lat' dir='ltr'><strong>mecum</strong></span> <span class='ocrx_word' id='word_1_230' title='bbox 956 3973 1081 4039; x_wconf 90' lang='lat' dir='ltr'><strong>trahit</strong></span> <span class='ocrx_word' id='word_1_231' title='bbox 1103 3972 1162 4040; x_wconf 90' lang='lat' dir='ltr'><strong>illa</strong></span> <span class='ocrx_word' id='word_1_232' title='bbox 1183 3975 1353 4061; x_wconf 90' lang='lat' dir='ltr'><strong>quietem</strong></span> <span class='ocrx_word' id='word_1_233' title='bbox 1387 4021 1390 4026; x_wconf 49' lang='lat'>2</span> <span class='ocrx_word' id='word_1_234' title='bbox 1461 3995 1462 4002; x_wconf 51' lang='lat'>¹</span> 
     </span>
     <span class='ocr_line' id='line_1_32' title="bbox 487 4076 1189 4147; baseline 0.005 -4"><span class='ocrx_word' id='word_1_235' title='bbox 487 4076 552 4143; x_wconf 86' lang='lat' dir='ltr'><strong>Seu</strong></span> <span class='ocrx_word' id='word_1_236' title='bbox 575 4076 665 4141; x_wconf 88' lang='lat' dir='ltr'><strong>facili</strong></span> <span class='ocrx_word' id='word_1_237' title='bbox 687 4085 790 4143; x_wconf 85' lang='lat' dir='ltr'><strong>totum</strong></span> <span class='ocrx_word' id='word_1_238' title='bbox 813 4077 921 4144; x_wconf 87' lang='lat' dir='ltr'><strong>ducit</strong></span> <span class='ocrx_word' id='word_1_239' title='bbox 943 4101 1052 4146; x_wconf 88' lang='lat' dir='ltr'><strong>amore</strong></span> <span class='ocrx_word' id='word_1_240' title='bbox 1075 4079 1189 4147; x_wconf 86' lang='lat' dir='ltr'><strong>diem&#39;</strong></span> 
     </span>
    </p>
   </div>
   <div class='ocr_carea' id='block_1_18' title="bbox 306 4211 507 4284">
    <p class='ocr_par' dir='ltr' id='par_1_18' title="bbox 306 4211 507 4284">
     <span class='ocr_line' id='line_1_33' title="bbox 306 4211 507 4284; baseline -0.04 -1"><span class='ocrx_word' id='word_1_241' title='bbox 306 4225 338 4284; x_wconf 89' lang='lat' dir='ltr'><strong>et</strong></span> <span class='ocrx_word' id='word_1_242' title='bbox 361 4211 507 4281; x_wconf 91' lang='lat' dir='ltr'><strong>absolute</strong></span> 
     </span>
    </p>
   </div>
   <div class='ocr_carea' id='block_1_19' title="bbox 411 4342 1409 4536">
    <p class='ocr_par' dir='ltr' id='par_1_19' title="bbox 411 4342 1409 4536">
     <span class='ocr_line' id='line_1_34' title="bbox 411 4342 1401 4434; baseline 0.001 -23"><span class='ocrx_word' id='word_1_243' title='bbox 411 4346 440 4431; x_wconf 95' lang='lat' dir='ltr'><strong>I,</strong></span> <span class='ocrx_word' id='word_1_244' title='bbox 466 4345 520 4429; x_wconf 86' lang='lat'><strong>10,</strong></span> <span class='ocrx_word' id='word_1_245' title='bbox 545 4345 562 4407; x_wconf 99' lang='lat'><strong>1</strong></span> <span class='ocrx_word' id='word_1_246' title='bbox 587 4342 625 4431; x_wconf 66' lang='grc' dir='ltr'><strong>,Ο</strong></span> <span class='ocrx_word' id='word_1_247' title='bbox 649 4345 793 4412; x_wconf 90' lang='lat' dir='ltr'><strong>iucunda</strong></span> <span class='ocrx_word' id='word_1_248' title='bbox 814 4348 938 4432; x_wconf 90' lang='lat' dir='ltr'><strong>quies,</strong></span> <span class='ocrx_word' id='word_1_249' title='bbox 960 4349 1065 4434; x_wconf 91' lang='lat' dir='ltr'><strong>primo</strong></span> <span class='ocrx_word' id='word_1_250' title='bbox 1089 4370 1163 4414; x_wconf 91' lang='lat' dir='ltr'><strong>cum</strong></span> <span class='ocrx_word' id='word_1_251' title='bbox 1185 4349 1277 4414; x_wconf 88' lang='lat' dir='ltr'><strong>testis</strong></span> <span class='ocrx_word' id='word_1_252' title='bbox 1300 4349 1401 4412; x_wconf 89' lang='lat' dir='ltr'><strong>amori</strong></span> 
     </span>
     <span class='ocr_line' id='line_1_35' title="bbox 675 4450 1409 4536; baseline 0.004 -20"><span class='ocrx_word' id='word_1_253' title='bbox 675 4450 855 4518; x_wconf 81' lang='lat' dir='ltr'><strong>Adfueram</strong></span> <span class='ocrx_word' id='word_1_254' title='bbox 877 4456 995 4520; x_wconf 88' lang='lat' dir='ltr'><strong>vestris</strong></span> <span class='ocrx_word' id='word_1_255' title='bbox 1018 4457 1165 4521; x_wconf 89' lang='lat' dir='ltr'><strong>conscius</strong></span> <span class='ocrx_word' id='word_1_256' title='bbox 1189 4457 1224 4521; x_wconf 90' lang='lat' dir='ltr'><strong>in</strong></span> <span class='ocrx_word' id='word_1_257' title='bbox 1247 4453 1409 4536; x_wconf 87' lang='lat' dir='ltr'><strong>lacrimis&#39;,</strong></span> 
     </span>
    </p>
   </div>
   <div class='ocr_carea' id='block_1_20' title="bbox 309 4583 1495 4676">
    <p class='ocr_par' dir='ltr' id='par_1_20' title="bbox 309 4583 1495 4676">
     <span class='ocr_line' id='line_1_36' title="bbox 309 4583 1495 4676; baseline -0.002 -22"><span class='ocrx_word' id='word_1_258' title='bbox 309 4585 395 4676; x_wconf 90' lang='lat' dir='ltr'><strong>quod</strong></span> <span class='ocrx_word' id='word_1_259' title='bbox 417 4583 539 4648; x_wconf 85' lang='lat' dir='ltr'><strong>Statius</strong></span> <span class='ocrx_word' id='word_1_260' title='bbox 561 4593 672 4670; x_wconf 90' lang='lat' dir='ltr'><strong>postea</strong></span> <span class='ocrx_word' id='word_1_261' title='bbox 694 4588 856 4672; x_wconf 89' lang='lat' dir='ltr'><strong>recepisse</strong></span> <span class='ocrx_word' id='word_1_262' title='bbox 877 4587 1018 4672; x_wconf 89' lang='lat' dir='ltr'><strong>videtur,</strong></span> <span class='ocrx_word' id='word_1_263' title='bbox 1042 4591 1097 4675; x_wconf 92' lang='lat' dir='ltr'><strong>qui</strong></span> <span class='ocrx_word' id='word_1_264' title='bbox 1121 4589 1207 4655; x_wconf 90' lang='lat' dir='ltr'><strong>dixit</strong></span> <span class='ocrx_word' id='word_1_265' title='bbox 1229 4589 1333 4655; x_wconf 85' lang='lat' dir='ltr'><strong>Theb.</strong></span> <span class='ocrx_word' id='word_1_266' title='bbox 1356 4590 1389 4673; x_wconf 89' lang='grc'><strong>2,</strong></span> <span class='ocrx_word' id='word_1_267' title='bbox 1416 4587 1495 4654; x_wconf 84' lang='lat'><strong>145:</strong></span> 
     </span>
    </p>
   </div>
   <div class='ocr_carea' id='block_1_21' title="bbox 0 0 1678 5390">
    <p class='ocr_par' dir='ltr' id='par_1_21' title="bbox 0 0 1678 5390">
     <span class='ocr_line' id='line_1_37' title="bbox 0 0 1678 5390; baseline 0 0"><span class='ocrx_word' id='word_1_268' title='bbox 0 0 1678 5390; x_wconf 95' lang='lat' dir='ltr'><strong> </strong></span> 
     </span>
    </p>
   </div>
  </div>
 </body>
</html>
