3326 5390
665 345 882 413 -55-

168 551 246 611 esse,
270 550 352 615 quae
369 527 478 594 domui
494 537 627 614 toroque
643 528 752 593 mariti
769 525 949 612 diligenter
963 525 1154 611 prospiciat,
1172 547 1190 589 e
1206 520 1379 588 Corneliae

166 634 325 700 modestia
348 644 381 699 et
404 633 508 700 libero
531 634 572 700 ab
596 633 724 699 invidia
746 633 848 698 animi
877 630 1018 697 candore
1045 629 1224 695 defendere
1248 635 1381 693 conatus

168 751 225 808 est
253 743 356 807 Immo
380 751 508 808 cautam
530 763 705 807 novercam
729 763 801 806 eam
823 737 993 825 intellego,
1017 760 1113 824 quae,
1136 759 1210 802 cum
1234 738 1269 801 in
1291 734 1382 800 diffe-

166 850 275 914 rentia
300 858 457 931 versetur,
485 857 594 914 utrum
617 849 724 914 invisa
752 849 794 912 sit
816 848 934 934 prioris
960 846 1103 912 feminae
1125 842 1241 908 liberis
1267 863 1381 925 necne,

166 958 214 1020 ita
237 957 285 1021 eis
308 978 342 1021 se
365 954 509 1043 praebet,
532 963 569 1020 ut
583 976 690 1041 neque
706 953 850 1019 offendat
873 973 980 1040 neque
996 953 1095 1016 nimis
1109 960 1203 1038 grata
1217 949 1381 1036 adpareat,

167 1061 325 1149 quomodo
341 1061 434 1127 nobis
451 1059 737 1148 ,nurtckhaltend',
756 1057 984 1145 Francogallis
1000 1057 1158 1146 ,reservet
1180 1057 1273 1139 Quae
1293 1057 1383 1121 vocis

168 1169 344 1258 explicatio
368 1171 467 1234 etiam
490 1166 678 1233 vindicatur
700 1167 888 1252 insequenti
911 1163 1067 1230 disticho:

274 1299 495 1391 ,Oonjugium,
518 1302 621 1389 pueri,
645 1298 775 1365 laudate
799 1308 833 1364 et
854 1297 938 1364 ferte
961 1306 1150 1386 paternum:

328 1406 449 1496 (lapte
471 1407 580 1474 dabit
602 1407 746 1473 vestris
769 1405 940 1471 moribus
964 1404 1036 1470 illa
1057 1405 1207 1470 manus'.

273 1537 522 1605 Adiectivorum
549 1537 671 1604 deinde
698 1539 865 1604 notionem
892 1558 1126 1625 nonnunquam
1154 1539 1200 1602 ita
1221 1536 1384 1602 mutaris

167 1646 392 1734 scriptoribus,
424 1655 474 1730 ut,
503 1647 539 1711 in
569 1644 687 1732 quibus
717 1647 803 1711 inest
832 1647 941 1711 activa
971 1645 1130 1733 quaedam
1159 1646 1224 1728 vis,
1254 1643 1384 1729 passivo

168 1776 267 1820 sensu
296 1751 524 1836 adhibeantur,
555 1751 623 1834 vel,
653 1774 736 1838 quae
763 1753 892 1839 passive
920 1753 1070 1839 usurpari
1097 1750 1215 1833 solent,
1242 1751 1383 1816 activam

168 1860 444 1946 significationem
475 1858 668 1946 praebeant,
701 1882 796 1925 nemo
827 1861 941 1925 nescit
973 1857 1039 1924 Sed
1067 1866 1224 1946 quantum
1252 1857 1283 1921 ei
1310 1857 1383 1920 usui

169 1988 293 2031 morem
321 1967 461 2052 gesserit
490 1967 691 2054 Propertius,
724 1989 790 2032 una
820 1987 901 2032 voce
933 1966 1179 2047 demonstretur,
1210 1964 1302 2028 cuius
1331 1984 1385 2026 no-

123 2079 126 2084 '
169 2075 293 2139 tionem
316 2095 354 2139 eo
377 2074 472 2139 modo
494 2075 560 2140 iam
583 2071 708 2159 Cicero,
731 2073 840 2160 Verg,
863 2074 904 2140 al.
926 2083 1105 2140 verterunt.
1130 2067 1271 2158 ,Caecus’
1296 2070 1385 2134 enim

170 2181 370 2247 adiectivum
392 2180 570 2268 principali
592 2183 627 2246 vi
643 2183 752 2246 activa
774 2179 815 2246 de
833 2202 878 2265 eo,
902 2183 958 2268 qui
972 2181 1088 2246 videre
1108 2188 1258 2266 nequeat,
1280 2175 1384 2242 tribus

169 2297 297 2354 tantum
321 2287 400 2353 locis
423 2288 495 2372 (ΠΙ,
519 2289 553 2372 6,
578 2289 635 2369 173
661 2287 710 2370 15,
734 2288 795 2371 203
818 2287 858 2371 V,
882 2290 911 2371 8,
933 2288 1003 2372 47),
1027 2288 1068 2354 de
1092 2310 1129 2353 eo
1152 2296 1275 2368 autom,
1299 2282 1385 2372 quod

170 2395 316 2482 conspici
339 2415 406 2459 non
427 2396 536 2481 possit,
559 2417 636 2459 usus
652 2403 700 2460 est
721 2395 746 2478 I,
765 2396 814 2480 19,
831 2395 867 2479 8;
890 2396 933 2479 Π,
949 2397 978 2476 4,
995 2395 1052 2478 203
1075 2395 1180 2479 nus,
1198 2393 1255 2476 113
1279 2392 1331 2475 23,
1347 2390 1384 2473 63

169 2501 227 2586 IV,
252 2501 301 2585 13,
326 2501 387 2582 323
411 2500 450 2585 V,
474 2500 508 2584 8,
530 2499 564 2584 5,
589 2500 646 2566 ubi
670 2500 804 2587 ‘caecus'
828 2501 917 2567 idem
942 2512 990 2568 est
1012 2503 1113 2589 atque
1137 2497 1308 2587 ,obscurus
1331 2507 1387 2563 aut

169 2605 328 2694 ,abditust
366 2605 432 2673 Sed
454 2606 524 2692 hoc,
548 2610 696 2694 quamvis
719 2609 1064 2697 frequentius,tamen
1091 2631 1262 2674 commune
1286 2605 1386 2673 habet

170 2736 245 2778 cum
267 2712 439 2800 prioribus.
462 2714 502 2780 In
517 2716 622 2801 primo
636 2737 715 2781 vero
737 2716 907 2804 Propertio
922 2725 1078 2782 mutatam
1093 2715 1181 2781 hunc
1204 2716 1240 2778 in
1255 2712 1385 2778 modum

169 2820 311 2908 legimus
334 2823 500 2886 notionem
524 2821 698 2887 adiectivi:

169 2969 325 3058 surdus,
350 2970 391 3038 de
416 2993 454 3038 eo
477 2971 615 3056 dictum,
638 2973 725 3060 quod
747 2995 812 3039 non
836 2973 996 3057 audiatur,
1019 2994 1077 3060 pro
1101 2968 1243 3059 ,mutus'¹

334 3104 374 3189 V,
396 3105 426 3188 3,
449 3103 492 3168 53
517 3103 646 3191 ,Omnia
668 3104 784 3171 surda
805 3103 955 3189 tacent',

397 3209 426 3293 5,
449 3211 492 3276 58
517 3211 622 3297 ,Istius
645 3211 707 3277 tibi
730 3213 773 3277 sit
795 3211 912 3277 surda
934 3213 1005 3278 sine
1029 3234 1105 3278 aare
1128 3209 1218 3299 lyra',

168 3354 207 3412 ut
237 3355 349 3432 postea
378 3345 450 3410 Iuv.
482 3353 539 3410 sat
569 3344 598 3428 l,
629 3344 669 3408 ll
706 3344 813 3431 ,surda
844 3344 983 3430 bucina’,
1014 3344 1092 3411 Stat
1125 3343 1196 3411 silv.
1227 3345 1257 3429 I,
1283 3345 1319 3427 4,
1345 3343 1384 3408 19

171 3451 279 3538 ,surda
300 3449 443 3538 plectra'.
467 3450 638 3517 Translate
662 3450 703 3517 de
727 3451 944 3518 carminibus:

321 3585 351 3670 I,
375 3586 403 3669 l,
430 3585 469 3651 18
493 3583 617 3670 ,Flebis
640 3587 675 3650 in
699 3595 832 3651 aeterno
856 3585 972 3652 surda
993 3587 1122 3651 iacere
1145 3583 1227 3650 situ'.

171 3717 308 3784 Praeter
331 3740 396 3803 eos,
420 3740 499 3806 quos
521 3717 667 3803 laudavi,
692 3718 830 3806 eandem
853 3718 1010 3784 adiectivi
1037 3720 1203 3785 notionem
1228 3716 1386 3784 exhibent

173 3823 283 3909 Ovid,
313 3823 425 3909 Silius,
454 3825 607 3910 Quintil,
635 3824 733 3909 Plin,
763 3845 841 3912 quos
871 3847 936 3890 non
966 3848 1008 3890 ex
1029 3825 1197 3912 Propertio
1221 3847 1293 3891 eam
1315 3848 1386 3890 sen·

171 3933 296 3997 tentiae
320 3933 532 3998 mutationem
554 3933 726 4019 recepisse,
749 3931 808 3997 sed
830 3916 919 3997 idem
941 3932 1067 4016 fecisse,
1092 3930 1178 4020 quod
1200 3932 1258 3999 ille
1280 3940 1385 4017 antea,

282 4189 304 4241 t.
324 4186 358 4242 ct.
377 4189 535 4242 Knttnerum
553 4189 571 4243 l.
590 4189 607 4242 l.
626 4202 653 4255 p.
674 4190 705 4241 ts
725 4200 764 4256 sq.
785 4189 832 4250 our
850 4200 914 4244 vero
932 4188 1002 4244 inter
1023 4189 1103 4244 huius
1125 4191 1241 4247 notionis
1263 4191 1387 4259 exempla

172 4281 294 4349 recipere
312 4294 366 4336 non
386 4281 496 4335 debuit:

331 4399 357 4459 V,
378 4400 406 4462 5,
426 4398 458 4450 48
478 4396 584 4464 ,Ianitor
601 4397 635 4449 ad
653 4397 747 4451 dantes
765 4399 873 4466 vigilet:
892 4400 915 4454 si
933 4400 1043 4468 pulsat
1061 4401 1159 4470 inanis,
1355 4470 1357 4472 Ι

541 4488 644 4541 surdus
663 4487 691 4541 in
709 4487 850 4542 obductam
868 4490 1008 4544 somniet
1026 4503 1111 4557 usque
1129 4490 1232 4560 seram',

173 4601 220 4656 ubi
238 4601 375 4668 vulgarem
393 4602 528 4657 notionem
546 4603 669 4671 praeberi
687 4607 767 4672 patet.
