3326 5390
804 401 1016 466 ,42-

303 574 433 662 Optime
462 575 552 641 hisce
578 578 689 644 verbis
716 601 785 644 rem
814 580 958 667 explicat
985 582 1132 668 Lachm,
1158 607 1255 672 quam
1284 587 1424 652 editores
1453 609 1530 650 non

303 681 548 768 intellegebant,
571 688 626 772 qui
644 685 762 774 ‘tactas'
779 699 1004 772 correxerunt,
1028 700 1061 755 ct
1076 690 1197 758 bucha
1212 696 1390 780 sagacitate
1414 693 1530 758 Lach-
1631 667 1632 682 i

302 813 458 856 mannum
480 793 614 857 vincere
642 793 752 858 studet
773 793 906 859 Hertzb.
933 800 1216 882 argumentatione
1240 800 1329 865 hunc
1353 799 1396 864 ad
1418 800 1530 864 finem

302 896 476 963 tendente:
514 899 622 985 ‘Pacta
653 902 689 965 in
720 901 834 966 foedus
868 924 925 966 ara
957 907 1136 970 communis
1168 907 1282 972 domus
1313 907 1404 972 focus
1442 907 1530 986 erit,

303 1005 395 1067 iuxta
416 1026 512 1090 quem
541 1016 573 1071 et
600 1006 666 1072 alia
692 1029 785 1072 saera
811 1009 972 1096 nuptialia
999 1011 1123 1076 fiebant
1150 1023 1183 1078 et
1210 1015 1394 1079 iuramenta
1415 1013 1528 1078 futuri

302 1108 444 1175 foederis
467 1124 624 1200 concepta
646 1114 702 1180 hic
724 1115 911 1202 finguntur?
935 1115 1042 1182 Simili
1066 1119 1160 1185 modo
1184 1122 1397 1208 interpretes:

302 1287 397 1339 aura
429 1295 448 1337 a
481 1274 574 1362 Prop.
605 1276 672 1341 solo
700 1299 760 1364 pro
788 1299 981 1363 repercussu
1010 1280 1112 1362 vocis,
1140 1301 1222 1366 quae
1254 1277 1352 1366 ‘echo'
1384 1279 1529 1360 dicitur,

301 1381 441 1466 positum
473 1382 640 1469 explicant
671 1385 736 1470 ‘qui
768 1384 877 1450 medio
909 1395 984 1450 atre
1016 1383 1077 1468 fit‘3
1110 1385 1232 1472 legitur
1263 1396 1373 1452 autem
1404 1386 1444 1469 Ι,Ι
1462 1386 1528 1468 20,

179 1554 182 1560 ,
301 1486 357 1571 50,
381 1487 442 1594 ubi
462 1489 503 1554 de
526 1490 617 1578 Hyla
639 1514 659 1556 a
681 1491 835 1579 nymphis
858 1502 966 1578 rapto:

461 1621 532 1708 ‘Oui
554 1625 668 1710 procul
691 1623 826 1690 Alcides
849 1628 959 1708 iterat,
983 1634 1166 1712 responset:
1190 1625 1297 1690 atilli

512 1731 640 1796 Nomen
663 1731 704 1796 ab
729 1735 884 1799 extremis
906 1731 1051 1798 fontibus
1074 1754 1166 1797 aura
1188 1730 1308 1797 refert'.

300 1859 394 1926 Idem
418 1865 495 1928 satis
518 1885 590 1929 raro
614 1865 735 1930 dicitur
756 1888 815 1953 pro
838 1888 930 1949 voce,
954 1864 1012 1931 sed
1035 1869 1100 1930 iam
1123 1888 1143 1929 a
1162 1864 1262 1950 Verg.
1284 1863 1368 1930 Aen.
1384 1865 1415 1948 7,
1437 1863 1523 1928 646:

482 1996 545 2084 ‘Ad
567 2019 624 2063 nos
647 2001 706 2063 vix
727 2002 836 2065 tenuis
858 2000 964 2066 famae
987 1997 1295 2087 perlabituraura’3

301 2131 342 2198 de
366 2132 509 2199 humana
530 2155 611 2199 voce
633 2156 764 2221 prorsus
787 2136 876 2201 idem
899 2135 1051 2202 adhibuit
1071 2136 1277 2223 Propertius:

318 2319 321 2328 .
344 2267 407 2351 ΠΙ,
431 2266 488 2350 23,
513 2267 554 2331 15
578 2265 621 2354 ‘si
644 2267 739 2332 modo
763 2268 967 2335 clamantis
989 2271 1194 2334 revocaverit
1217 2289 1310 2333 aura
1331 2264 1479 2354 puellae'.

301 2401 498 2489 ‘Clementis'
528 2404 616 2467 enim
645 2426 719 2468 cum
747 2403 915 2470 codicibus
941 2415 1012 2492 port
1038 2403 1226 2470 Vahlenum
1252 2405 1362 2490 (quem
1383 2401 1451 2467 vid
1473 2401 1519 2466 de

300 2509 330 2573 h.
353 2532 383 2573 v.
406 2510 578 2575 Mon-Ber.
602 2510 632 2575 d.
655 2509 714 2576 Ac.
738 2510 767 2575 d.
790 2511 843 2578 W.
866 2535 907 2576 zu
932 2512 1047 2605 Berlin
1077 2510 1175 2593 1881,
1202 2533 1276 2597 pag.
1304 2509 1381 2592 339)
1408 2507 1518 2574 scribo

299 2639 357 2704 pro
382 2638 431 2701 eo,
455 2617 541 2703 quod
564 2640 582 2682 e
604 2617 644 2681 V.
667 2641 731 2704 mg.
754 2641 796 2682 na
818 2619 839 2683 2
863 2616 1041 2704 ‘damnatis’
1071 2627 1198 2682 erutum
1226 2616 1285 2682 diu
1311 2617 1519 2682 retinuerant

299 2721 514 2809 damnatum.

298 2827 463 2895 Addenda
485 2852 611 2917 quoque
635 2840 724 2896 sunt:

442 2961 499 3046 IV,
522 2961 580 3045 22,
603 2963 645 3028 36
669 2961 745 3048 ‘Aut
767 2961 886 3028 faciem
909 2965 997 3050 turpi
1021 2962 1219 3028 dedecorare
1241 2959 1357 3043 bove’,

298 3096 381 3160 mire
410 3103 443 3160 et
469 3087 626 3160 audacter
656 3095 781 3159 dietum
807 3117 866 3183 pro
894 3093 996 3181 ‘bovis
1022 3093 1145 3182 fignm’,
1174 3096 1227 3160 cui
1255 3091 1458 3158 simillimum
1483 3101 1517 3155 et

298 3204 498 3290 metonymia
521 3212 554 3268 et
575 3195 730 3267 audacia:

456 3335 496 3422 V,
519 3335 552 3418 5,
578 3335 619 3400 14
642 3335 695 3422 ,Εἰ
717 3357 776 3400 sua
798 3344 956 3401 nocturno
978 3335 1094 3402 fallere
1117 3346 1210 3422 terga
1232 3333 1330 3421 lupo'
1414 3347 1415 3351 ’
1508 3383 1512 3392 .

297 3487 355 3552 pro
377 3463 447 3552 lupi
470 3465 577 3551 fignra
599 3474 655 3530 aut
677 3464 774 3553 pelle.

405 3571 471 3637 Sed
493 3595 575 3660 quae
598 3571 715 3637 ultima
738 3575 942 3655 enumeravi,
971 3595 1013 3638 ne
1035 3575 1134 3639 nimis
1156 3573 1255 3639 anxie
1278 3572 1321 3639 ad
1343 3581 1514 3660 angustam

298 3679 521 3768 synecdoches
544 3681 683 3766 figuram
706 3702 897 3745 revocemus
920 3703 1004 3746 neve
1028 3680 1167 3768 amplius
1190 3702 1240 3762 ea,
1268 3703 1351 3767 quae
1375 3679 1513 3746 solutum

296 3797 411 3875 poetae
434 3789 606 3872 ingenium
628 3789 813 3874 procreavit
836 3789 872 3852 in
896 3789 1125 3876 grammaticas
1147 3809 1276 3854 normas
1299 3785 1514 3874 conpellendo

298 3897 471 3960 metiamur
495 3903 527 3959 et
550 3896 766 3959 aestimemus.
789 3895 895 3976 Quam
919 3895 1008 3960 enim
1023 3896 1182 3984 rationem
1205 3897 1233 3960 si
1255 3895 1408 3982 persequi
1430 3893 1513 3958 velis

298 3985 333 4067 in
356 4009 463 4088 poeta,
486 4000 644 4066 facillime
669 4002 801 4086 accidit,
832 4011 869 4067 ut
895 4001 976 4066 false
1000 4002 1226 4088 interpreteris
1254 4011 1286 4066 et
1311 4009 1444 4088 propter
1466 4000 1514 4065 ni-

297 4111 400 4174 mium
422 4108 650 4194 distinguendi
674 4109 818 4175 studium
841 4119 955 4196 poetae
977 4107 1081 4173 verba
1103 4132 1121 4174 e
1144 4108 1268 4194 regulis
1291 4107 1514 4194 grammaticis

297 4239 394 4303 quam
426 4238 468 4280 ex
501 4219 738 4282 sententiarum
768 4239 920 4283 connexu
950 4218 1121 4304 percipere
1150 4215 1253 4281 malis.
1290 4216 1406 4303 Neque
1435 4235 1513 4280 vero

297 4332 388 4388 certa
409 4321 550 4410 quadam
573 4331 606 4387 et
628 4322 766 4389 definita
787 4325 913 4388 ratione
929 4325 1064 4388 mutatio
1086 4323 1123 4387 fit
1144 4344 1260 4387 vocum
1284 4323 1433 4404 notionis,
1456 4320 1515 4386 sed

298 4452 336 4496 eo
359 4413 453 4494 modo
477 4439 510 4495 et
533 4452 607 4495 eum
630 4432 666 4495 in
689 4453 797 4515 usum,
820 4453 917 4518 quem
940 4430 1042 4514 locus,
1070 4452 1132 4517 quo
1159 4453 1307 4518 quaeque
1329 4428 1513 4513 adhibetur,

296 4535 444 4624 postulat
466 4537 641 4602 Praeterea
664 4540 699 4602 in
722 4537 891 4625 Propertio
914 4537 1072 4602 eiusmodi
1096 4537 1340 4602 distinctionem
1362 4537 1515 4624 persequi

297 4643 387 4709 salva
420 4645 653 4731 perspicuitate
690 4648 749 4710 vix
786 4647 907 4732 poteris
944 4653 1076 4739 propter
1113 4645 1281 4712 notionum
1317 4653 1514 4710 mutatorum
