3326 5390
782 366 997 429 „12-

260 560 336 602 nam
360 538 450 603 aliud
482 549 558 604 sunt
584 550 680 627 atque
709 541 827 606 amoris
859 541 966 624 ignes,
994 559 1072 626 quos
1100 550 1210 618 cantat
1237 539 1382 628 Cynthia
1410 541 1478 606 illis

260 644 472 728 carminibus,
503 668 586 732 quae
618 645 780 712 Corinnae
810 647 932 732 scripta
962 667 1116 733 aequare,
1147 646 1291 713 Erinnes
1322 669 1478 734 superare

258 747 418 834 gloriatur
440 750 535 816 docta
557 752 693 837 puella?
715 753 814 817 Porro
838 752 1042 818 saltationem
1067 753 1242 840 etlyram,
1265 775 1344 841 quas
1366 753 1480 820 laudat

260 857 296 920 in
324 853 469 940 Cynthia
498 857 769 923 antecedentibus
800 857 950 924 versibus
979 868 1090 944 poeta:
1123 859 1258 925 ubinam
1289 862 1479 947 Propertius

261 973 488 1028 commemorat
525 964 589 1028 nisi
622 965 657 1028 in
691 988 727 1029 re
765 964 948 1030 amatoria?
985 965 1124 1051 Peipero
1161 977 1271 1034 autem
1306 971 1477 1056 quaerenti

260 1070 447 1156 ,Quidnam
471 1092 603 1157 quaeso,
626 1073 676 1138 rei
700 1082 748 1138 est
762 1071 876 1162 Amori
900 1072 1037 1138 ardido
1060 1096 1134 1138 cum
1155 1083 1311 1140 nascente
1332 1074 1476 1162 puella?

261 1181 346 1245 nihil
373 1183 552 1268 respondeo
582 1185 645 1248 nisi
675 1183 807 1270 ,Quodsi
837 1206 903 1250 non
931 1185 1059 1268 ardido,
1088 1185 1245 1272 quidnam
1272 1181 1386 1248 Amori
1413 1204 1478 1247 om·

261 1288 374 1353 ninol’
1395 1367 1398 1376 ,

366 1397 562 1483 Analogiam
593 1397 735 1483 denique
766 1400 842 1462 novi
875 1398 1033 1464 adieetivi
1065 1403 1136 1465 iure
1175 1398 1334 1484 exemplis
1369 1397 1480 1461 firmat

262 1504 509 1590 Hertzbergius,
538 1503 624 1591 quod
650 1505 794 1570 studium
823 1505 932 1570 ridere
961 1527 1026 1571 non
1054 1506 1169 1572 debuit
1191 1505 1366 1586 Teufelus3
1394 1502 1479 1569 illud

261 1613 368 1697 potius
395 1633 510 1678 curare
538 1611 664 1694 debuit,
688 1634 730 1676 ne
754 1613 874 1698 ipsum,
899 1614 955 1699 qui
979 1621 1089 1679 tamen
1114 1614 1155 1678 de
1178 1612 1313 1678 vocibus
1336 1609 1479 1696 singula·

262 1718 352 1783 ribus
367 1719 528 1806 Propertii
546 1721 626 1804 egit,
650 1719 792 1804 fugeret,
810 1728 922 1784 extare
939 1721 1094 1804 interea,
1113 1741 1196 1806 quae
1213 1720 1282 1805 ipse
1300 1727 1480 1800 enumerat,

262 1826 401 1892 alterum
425 1826 571 1891 eiusdem
594 1825 764 1910 analogiae
788 1819 874 1902 ἅπαξ
897 1823 1064 1912 εἰρημένον,
1089 1846 1223 1911 nempe:

262 1997 414 2071 roridus
436 2003 502 2085 111,
526 2001 580 2084 28,
604 2001 647 2068 26
672 2001 1001 2087 ,Βοτίἀαπιιιεοοείε
1024 2011 1119 2066 antra
1140 2009 1254 2064 tenere
1278 1995 1381 2082 iugis',

451 2108 491 2192 V,
518 2108 553 2192 4,
581 2107 623 2172 48
671 2108 730 2193 ,Tu
754 2129 834 2172 eave
857 2109 978 2194 spinosi
1002 2107 1134 2172 rorida
1156 2116 1251 2192 terga
1273 2103 1361 2190 iugi'

263 2257 442 2342 Vulgatum
466 2257 629 2342 ,roscidus'
653 2259 829 2325 exhibetur
852 2257 1036 2323 codicibus:

412 2407 441 2490 Ι,
466 2407 521 2492 20,
544 2410 586 2474 36
611 2409 760 2496 ,Roscida
782 2409 920 2474 desertis
943 2430 1038 2494 poma
1060 2406 1119 2472 sub
1143 2404 1332 2471 arboribus'.
1428 2449 1429 2452 κ

263 2568 316 2633 En
339 2567 452 2652 habes,
474 2571 561 2656 quod
583 2594 681 2657 supra
704 2569 790 2652 dixi,
813 2567 1003 2654 probatum:
1025 2567 1172 2632 roscidus
1194 2567 1224 2649 I,
1247 2567 1303 2649 20,
1326 2565 1368 2632 36
1390 2588 1479 2630 ane·

263 2675 352 2739 mine
381 2675 418 2738 in
448 2675 591 2760 ,roridus'
619 2686 774 2759 mutatur,
805 2673 949 2761 ,roridus'
980 2682 1103 2755 autem,
1125 2674 1213 2760 quod
1234 2673 1334 2740 habet
1355 2675 1480 2760 primus

263 2781 450 2865 Propertius
480 2791 513 2845 et
541 2792 612 2868 post
642 2805 717 2848 eum
748 2782 834 2847 solus
862 2779 1035 2867 Apuleius,
1069 2780 1203 2844 fortasse
1236 2802 1278 2844 ex
1312 2779 1369 2844 illo
1403 2779 1481 2845 hau-

264 2897 366 2952 stum:
389 2896 464 2952 met.
478 2887 535 2972 IV,
554 2889 592 2954 17
613 2912 736 2977 ,specus
755 2886 896 2970 roridos',
920 2888 1069 2952 certatim
1088 2897 1231 2969 vexant3
1255 2909 1298 2952 ne
1315 2886 1422 2952 dicam
1439 2885 1480 2952 de

263 2991 385 3080 Apulei
409 2993 494 3076 loco,
517 2995 575 3060 ubi
599 2995 756 3081 ¹torsidos,
781 2991 927 3060 torridos'
951 2992 992 3058 al.
1015 3004 1242 3076 correxerunt,
1265 2996 1301 3059 in
1318 2995 1480 3080 Propertii

264 3099 413 3165 versibus
436 3122 501 3166 non
524 3103 618 3168 modo
632 3102 708 3167 Itali
726 3100 889 3189 ‘roscidus'
914 3099 1181 3183 emendaverunt,
1205 3099 1264 3166 sed
1279 3102 1349 3186 ipse
1367 3100 1481 3164 Hertn

264 3206 399 3292 bergius
422 3207 465 3272 ad
478 3208 543 3291 111,
558 3209 613 3293 28,
634 3210 676 3274 26
692 3208 861 3294 ,Rorida’,
878 3209 985 3294 inquit
1001 3206 1097 3294 ,quod
1119 3209 1154 3270 in
1170 3206 1364 3293 quibusdam
1379 3206 1481 3289 libris,

264 3335 331 3378 non
353 3314 448 3379 malis
463 3337 553 3399 sane,
577 3317 757 3400 invenitur,
781 3318 817 3380 in
836 3316 985 3381 ordinem
1001 3319 1076 3380 euni
1090 3313 1303 3378 Lachmanno
1324 3313 1482 3398 recipere,

266 3420 370 3486 donec
392 3419 548 3488 Latinum
572 3444 641 3487 esse
664 3422 858 3488 certioribus
885 3420 1133 3488 auetoritatibus
1156 3419 1362 3505 probaretur,
1389 3417 1482 3484 dubi·

264 3525 351 3592 tavi'.
373 3525 528 3594 Attamen
551 3527 590 3612 V,
612 3528 646 3612 4,
674 3528 717 3594 48
742 3527 867 3614 ,rorida’
896 3531 932 3594 in
959 3537 1053 3594 textu
1078 3525 1228 3613 praebet,
1256 3528 1292 3592 in
1320 3548 1480 3591 commen-

264 3633 348 3698 tario
370 3643 474 3718 tacet3
497 3657 561 3721 qua
577 3635 692 3700 eadem
714 3637 934 3702 inconstantia
956 3637 1040 3699 mira
1058 3634 1204 3718 sequitur
1228 3654 1302 3696 eum
1324 3631 1362 3696 L.
1377 3629 1480 3696 Muel-

264 3739 362 3806 lerus.
385 3739 451 3806 Sed
471 3744 652 3808 rectissime
675 3741 906 3808 Lachmannus
928 3764 999 3806 rem
1023 3738 1185 3804 diiudicat
1206 3737 1250 3802 ad
1270 3737 1334 3820 HI,
1350 3736 1405 3821 28,
1421 3737 1479 3802 26ε

266 3846 366 3934 ,Lege
390 3847 537 3934 ,rorida'
560 3851 705 3914 omnium
727 3849 797 3914 fere
821 3848 970 3914 codicum
990 3847 1194 3927 auctoritate,
1219 3846 1271 3909 cui
1295 3865 1402 3931 neque
1424 3842 1480 3908 hic

180 4035 182 4040 .
265 3976 451 4041 repugnare
473 3954 574 4020 velim
597 3979 703 4044 neque
727 3979 825 4042 supra
845 3957 876 4040 Ι,
892 3955 946 4038 20,
969 3955 1025 4039 36,
1048 3953 1105 4019 ubi
1129 3949 1298 4038 ,roscida'
1322 3947 1479 4032 tuentur’3

266 4084 373 4149 neque
397 4084 457 4148 ego
481 4061 608 4147 dubito,
630 4066 710 4151 quin
731 4062 844 4130 eodem
867 4060 974 4145 modo,
996 4070 1033 4125 ut
1056 4059 1111 4126 hic
1134 4055 1278 4146 ,roridus’
1301 4080 1322 4123 a
1344 4055 1480 4143 ,rorare',

266 4171 314 4235 sic
336 4191 463 4257 quoque
487 4169 636 4256 ,ardidus’
661 4171 701 4238 ab
726 4169 859 4257 ,ardere’
883 4193 903 4234 a
924 4169 1093 4254 Propertio
1115 4167 1289 4232 formatum
1307 4168 1357 4231 sit.

371 4275 418 4341 Ut
439 4277 543 4362 igitur
564 4277 751 4365 Propertius
774 4280 810 4343 in
833 4275 895 4341 hoc
917 4275 1080 4342 adiectivo
1102 4272 1272 4360 fingend0,
1298 4295 1372 4338 oum
1395 4271 1479 4338 duae
1525 4349 1528 4356 Ι

268 4391 375 4448 essent
396 4385 484 4466 viae,
507 4384 611 4450 altera
633 4407 653 4449 a
679 4383 894 4468 substantivo,
921 4381 1025 4449 altera
1046 4406 1067 4448 a
1087 4379 1189 4447 verbo
1218 4379 1404 4463 derivandi,
1431 4401 1480 4444 ra
1529 4449 1532 4456 ,

267 4493 387 4556 riorem
409 4491 463 4556 vel
486 4494 592 4578 potius
616 4493 804 4557 inusitatam
825 4491 963 4556 usitatae
986 4487 1157 4575 praetulit,
1180 4489 1227 4554 ita
1249 4488 1284 4554 in
1303 4487 1480 4558 ,adjectivis

268 4623 288 4670 a
309 4599 521 4670 substantivis
536 4598 727 4679 formandis,
751 4597 880 4689 quando
903 4596 1075 4687 conplures
1084 4585 1309 4661 'admittuntur
1329 4595 1488 4677 rationes,
