3326 5390
371 1110 460 1221 (lum
483 1155 615 1220 initium
638 1153 731 1218 nobis
755 1152 943 1218 faciendum
959 1156 1001 1218 sit
1020 1155 1207 1242 aloquendi
1233 1156 1416 1238 elementis,
1441 1179 1481 1220 ea

263 1267 369 1352 prima
392 1259 631 1328 consideranda
654 1270 686 1326 et
709 1261 752 1325 ad
774 1283 867 1325 suum
890 1259 1040 1347 quodque
1063 1283 1168 1346 genus
1192 1262 1377 1327 revocanda
1400 1285 1481 1346 esse,

263 1392 346 1460 quae
374 1372 409 1434 in
439 1391 475 1432 re
503 1370 717 1453 grammatica
743 1369 875 1454 propria
903 1377 936 1431 et
962 1387 1047 1430 nova
1072 1370 1257 1454 procreavit
1282 1369 1479 1454 Propertius,

175 1489 178 1493 '
263 1486 518 1542 consentaneum
536 1484 591 1539 est.
614 1472 680 1538 Sed
695 1473 773 1538 huic
796 1475 845 1538 rei
869 1495 1000 1559 operam
1020 1474 1085 1538 iam
1107 1476 1241 1540 navavit
1255 1474 1376 1540 Paulus
1390 1475 1481 1560 Hey·

263 1605 363 1648 mann
393 1581 453 1666 (,In
480 1578 686 1664 Propertium
714 1588 848 1666 quaestt.
875 1581 1107 1664 grammaticae
1136 1588 1168 1644 et
1199 1579 1478 1668 orthographicae'

264 1689 338 1754 diss.
362 1690 472 1771 inaug.
498 1684 573 1749 Hal.
600 1682 674 1748 Sax.
702 1685 812 1769 1883),
840 1687 895 1772 qui
922 1695 994 1772 post
1020 1708 1140 1773 paucas
1167 1686 1208 1752 de
1237 1709 1275 1750 ea
1302 1709 1338 1751 re
1365 1688 1479 1753 Hertn

262 1789 371 1881 bergii
400 1793 606 1880 quaestiones
636 1791 703 1878 (qui
734 1814 787 1857 eas
816 1794 947 1858 omnino
970 1796 1064 1879 parri
1092 1793 1290 1874 aestimavit3
1320 1793 1361 1857 cf.
1384 1793 1479 1859 modo

265 1896 473 1966 falsissimum
490 1897 575 1964 illud
591 1897 751 1962 iudicium
767 1898 806 1979 Q.
820 1899 855 1963 P.
870 1921 901 1984 p.
919 1900 994 1980 162)
1010 1900 1114 1964 altera
1132 1900 1368 1965 dissertationis
1387 1909 1481 1987 parte

265 2030 304 2072 ea
326 2006 505 2093 diligenter
535 2005 681 2091 collegit,
710 2029 793 2093 quae
821 2006 1096 2071 substantivorum
1120 2006 1349 2073 declinationis
1373 2018 1405 2072 et
1427 2030 1482 2093 ge-

266 2116 355 2181 neris
379 2123 411 2179 et
434 2114 608 2179 verborum
624 2113 776 2178 flexionis
798 2115 931 2199 propria
946 2115 1161 2179 inveniuntur
1185 2118 1219 2179 in
1237 2126 1352 2201 poetae
1369 2117 1483 2180 carmi-

267 2220 376 2304 nibus,
405 2213 509 2286 altera
535 2230 642 2306 parte,
668 2219 726 2284 ubi
755 2220 796 2286 de
819 2219 1051 2306 orthographia
1078 2223 1200 2306 agitur,
1228 2219 1381 2285 disseruit
1404 2220 1482 2286 inde

265 2348 379 2414 apag.
408 2327 449 2391 72
477 2325 519 2391 de
545 2327 778 2392 vocabulorum
806 2328 893 2414 apud
919 2328 1124 2414 Propertium
1152 2327 1263 2391 formis
1291 2326 1350 2391 illa
1376 2335 1482 2392 aetate

264 2435 318 2500 vel
346 2433 498 2499 obsoletis
530 2434 584 2498 vel
614 2444 724 2500 tamen
755 2458 774 2498 a
804 2456 953 2499 sermone
983 2434 1108 2499 urbano
1141 2433 1266 2499 alienis.
1300 2435 1482 2521 Utrumque

265 2551 373 2607 autem
401 2550 467 2605 tam
496 2551 647 2606 accurate
675 2543 841 2624 tractavit,
869 2549 905 2605 ut
932 2541 1017 2605 nihil
1044 2540 1126 2605 mihi
1153 2550 1265 2625 restet,
1294 2561 1390 2628 quam
1412 2562 1482 2628 pro-

265 2648 344 2713 bare
357 2647 557 2732 --Heymanni
581 2647 755 2730 iudicium,
785 2646 870 2734 quod
894 2656 927 2712 et
950 2647 1061 2712 multis
1083 2647 1163 2711 locis
1186 2646 1338 2733 perhibet
1362 2657 1394 2712 et
1415 2656 1482 2712 tota

266 2777 324 2820 sua
347 2755 618 2819 commentatione
641 2753 801 2837 vindicat,
832 2762 944 2818 extare
968 2753 1055 2840 apud
1076 2753 1281 2844 Propertium
1304 2753 1481 2838 permultas

264 2861 456 2947 antiquioris
473 2862 630 2924 sermonis
646 2859 801 2946 reliquias
817 2881 879 2924 nec
895 2859 1009 2924 deesse
1025 2861 1165 2923 rusticae
1183 2858 1318 2944 linguae
1333 2861 1482 2945 vestigia

265 2966 319 3031 Ad
350 2964 443 3030 illum
471 2965 573 3049 igitur
600 2964 750 3030 libellum
777 2966 933 3030 lectorem
961 2964 1093 3049 delego,
1124 2964 1204 3029 duas
1233 2974 1360 3032 tantum
1387 2988 1483 3031 voces

266 3072 448 3154 additurus,
478 3093 556 3158 quas
584 3080 693 3137 tamen
721 3071 907 3157 neglexisse
935 3072 970 3134 in
999 3070 1183 3156 colligendo
1211 3073 1319 3136 virum
1342 3072 1483 3156 doctum,

266 3181 325 3244 vix
348 3180 456 3244 miror.
672 3165 674 3169 ’

371 3285 411 3349 In
439 3285 543 3370 primo
573 3285 661 3348 enim
692 3285 798 3370 capite
828 3285 1020 3370 (specimine
1046 3284 1091 3369 D,
1121 3307 1197 3372 pag.
1226 3285 1281 3366 28)
1312 3286 1398 3350 inter
1429 3309 1483 3350 eas

265 3415 375 3474 voces,
399 3414 478 3478 quas
493 3391 680 3477 Propertius
697 3400 810 3456 contra
833 3393 990 3456 sermonis
1006 3415 1099 3458 usum
1115 3392 1213 3458 aliam
1230 3392 1483 3460 declinationem

264 3501 357 3587 sequi
386 3498 492 3581 iussit,
520 3499 613 3562 iuxta
641 3496 743 3583 ,serta'
771 3520 830 3584 pro
858 3500 1025 3564 usitatiore
1054 3498 1191 3585 ,sertum'
1225 3501 1483 3567 enumerandum

267 3629 337 3672 esse
359 3615 455 3692 puto:

266 3772 430 3862 ,pascua’
453 3796 512 3862 pro
535 3775 652 3873 usitato
677 3773 875 3860 ‘pascuum’
900 3774 1099 3840 adhibitum:

379 3915 418 3998 V,
441 3916 474 3999 9,
497 3915 541 3980 20
563 3913 690 4001 ,Nobile
714 3917 777 3980 erit
799 3915 921 3980 Romae
943 3939 1085 4002 pascua
1106 3927 1215 3984 vestra
1237 3917 1360 3983 forum'.

265 4064 305 4127 In
329 4082 391 4148 quo
414 4081 512 4123 versu
534 4080 645 4122 omnes
669 4059 864 4144 interpretes
896 4058 1031 4145 ,pascua'
1059 4082 1116 4146 pro
1147 4083 1232 4125 nom.
1263 4060 1346 4147 plur.
1378 4072 1483 4126 neutr.

266 4175 476 4253 aeceperunt,
501 4187 563 4230 neo
588 4163 775 4246 defuerunt,
803 4167 858 4251 qui
883 4166 995 4251 ,erunt’
1024 4168 1253 4252 corrigendum
1281 4191 1350 4234 esse
1375 4192 1484 4234 cense-

266 4283 349 4339 rent.
378 4274 475 4338 Ferri
503 4281 612 4337 tamen
640 4292 732 4357 posse
761 4270 844 4335 illud
872 4273 952 4358 ,erit’
981 4276 1015 4339 in
1044 4275 1226 4362 Propertio,
1252 4275 1483 4342 Lachmannus

266 4378 309 4444 ad
336 4378 374 4463 V,
400 4382 432 4461 l,
458 4378 499 4442 14
525 4378 759 4444 demonstravit
784 4379 937 4444 nonnulis
962 4381 1133 4466 exemplis,
1161 4401 1297 4467 quorum
1325 4381 1368 4447 ad
1394 4382 1482 4447 hunc

267 4486 374 4552 locum
397 4486 518 4572 optime
541 4485 695 4573 quadrat:

373 4626 436 4712 III,
461 4627 516 4711 20,
538 4626 581 4692 48
605 4627 689 4714 ,Una
711 4630 753 4694 sit
775 4637 809 4696 et
832 4629 936 4694 cuivis
959 4627 1083 4695 femina
1105 4629 1207 4695 multa
1230 4627 1333 4695 mala'.
