3326 5390
661 419 876 486 ..33-

158 597 200 663 In
231 619 293 684 quo
323 620 433 681 versu,
465 619 539 661 oum
568 617 680 661 omnes
709 595 780 662 fere
810 597 1006 682 interpretes
1036 595 1239 681 dubitarent,
1266 607 1376 662 utrum

158 723 218 790 pro
240 705 339 768 remis
363 726 405 768 an
428 725 486 790 pro
508 701 592 768 velis
616 701 694 788 ,alis'
718 710 802 767 esset
824 703 972 789 positum,
996 701 1038 766 de
1054 703 1137 768 velis
1161 706 1377 791 interpretan-

159 809 238 874 dum
262 831 339 891 esse,
362 807 600 894 Hertzbergius
620 831 637 873 0
655 807 755 895 Verg.
778 805 861 874 Aen.
882 809 911 891 3,
935 806 1001 874 520
1024 803 1377 898 ι101011111111011111111110

159 914 235 984 alas’
259 927 292 982 et
314 916 402 982 Flor.
425 916 489 998 ΠΙ,
517 917 550 999 2,
575 917 594 980 3
619 913 831 1001 ,velificantes
856 953 896 963 -—
910 915 1216 1002 ¹adremigaverunt'
1246 939 1378 1006 conpro-

158 1024 238 1090 bare
261 1024 325 1089 sibi
353 1026 441 1088 visus
472 1032 528 1088 est.
559 1020 649 1087 Illud
672 1022 804 1109 quidem
827 1046 858 1086 v.
881 1022 911 1087 d.
935 1023 1125 1107 concedam,
1152 1024 1312 1112 exemplis
1336 1024 1376 1090 ab

160 1129 395 1217 interpretibus
433 1129 562 1210 adlatis,
601 1129 658 1193 ubi
698 1128 843 1216 ,pennae'
877 1130 1033 1196 dicuntur
1071 1133 1191 1218 ,avium
1228 1129 1377 1218 remigia'

159 1237 269 1320 (Lucr.
290 1235 348 1321 Vl,
373 1235 534 1319 74438i1.
560 1236 609 1319 12,
633 1237 689 1318 931
714 1236 797 1302 addo
822 1237 923 1303 eiusd
947 1237 977 1320 3,
1001 1237 1066 1305 682
1090 1238 1153 1322 (13,
1178 1236 1258 1320 1851
1283 1237 1378 1319 238);

159 1341 253 1428 Virg.
284 1340 368 1408 Aen.
394 1343 425 1427 l,
450 1341 531 1425 3043
556 1340 591 1424 6,
616 1343 674 1424 193
698 1342 758 1408 Ov.
781 1354 856 1410 11101.
879 1344 916 1428 5,
939 1343 1023 1428 5581
1047 1369 1074 1410 0.
1098 1368 1125 1410 0.
1150 1345 1184 1430 2,
1207 1343 1264 1431 45)
1292 1343 1378 1409 nihil

160 1449 280 1514 evinci.
316 1447 357 1512 Id
386 1449 505 1533 potius,
534 1457 570 1513 ut
599 1447 641 1513 de
670 1452 769 1514 remis
798 1460 927 1537 poetam
958 1454 1118 1538 cogitasse
1149 1451 1295 1535 credam,
1326 1474 1378 1517 me

160 1556 348 1638 commovit,
380 1555 465 1642 quod
497 1556 669 1642 ,remigare
702 1555 770 1620 alis’
803 1556 944 1640 dicitur3
977 1580 1083 1645 neque
1114 1581 1174 1645 per
1205 1582 1240 1624 se
1272 1560 1379 1645 ipsum

159 1673 246 1728 stare
269 1662 352 1727 mihi
375 1662 506 1728 videtur
530 1660 711 1748 ,remigare'
735 1662 882 1747 verbum,
906 1666 952 1729 ita
975 1674 1011 1730 ut
1033 1667 1192 1750 ,centenis
1210 1663 1279 1730 alis'
1304 1687 1379 1730 oum

161 1769 290 1856 ,classis’
321 1791 401 1834 voee
434 1768 638 1855 iungendum
671 1771 731 1852 sit3
764 1781 909 1837 ceterum
941 1772 1151 1838 antecedenti
1182 1793 1280 1836 versu
1313 1772 1379 1836 iam

160 1887 454 1942 commemorantur
483 1874 575 1957 vela3
611 1899 711 1962 quare
747 1899 790 1941 110
825 1879 970 1964 ineptam
1002 1878 1232 1964 repetitionem
1263 1886 1378 1964 poetae

160 1983 379 2050 obtrudamus.
402 1982 495 2048 Idem
518 1983 626 2066 immo,
649 1982 735 2069 quod
754 1983 859 2048 noluit
880 1984 1023 2069 Hertzb,
1048 1982 1249 2050 Graecorum
1272 2005 1380 2049 exem-

160 2092 251 2179 plum
267 2090 322 2156 hic
345 2089 448 2155 latere
464 2089 623 2172 arbitror,
648 2089 688 2154 of.
710 2089 804 2154 modo
820 2089 915 2155 Hom.
931 2089 992 2155 Od.
1017 2090 1149 2174 11,125
1172 2099 1205 2156 et
1228 2091 1280 2176 23,
1299 2091 1379 2156 272:

343 2221 412 2310 ,οὐδ’
435 2221 533 2310 εὐήρε’
558 2221 684 2312 ἐρετμὰ,
709 2223 788 2291 scire
811 2223 911 2310 strepui
934 2223 1021 2311 rqucl
1045 2221 1201 2291 selected

162 2378 194 2433 et
217 2367 259 2432 ad
283 2390 310 2432 e.
333 2366 352 2431 l.
375 2366 523 2431 Eustath.
545 2390 576 2453 p.
601 2364 695 2448 1616,
714 2363 781 2447 291
803 2364 884 2430 Poll.
906 2364 931 2448 Ι,
955 2365 1007 2431 90.

267 2472 322 2538 Sic
345 2494 472 2560 quoque
485 2471 537 2537 de
560 2473 659 2536 remis
682 2471 842 2536 adhibent
864 2492 978 2536 vocem

160 2628 286 2716 palma
311 2629 429 2696 Catull.
452 2630 507 2715 64,
532 2629 571 2713 11
595 2630 677 2695 Vitr.
703 2629 758 2711 10,
781 2631 820 2713 83
850 2629 891 2694 de
916 2630 1034 2716 clipeo,
1057 2651 1170 2715 parma
1196 2627 1320 2694 Tibull.
1347 2628 1379 2714 Ι,

162 2741 195 2822 9,
227 2739 283 2822 82,
313 2738 355 2804 dc
385 2739 459 2804 aliis
489 2736 651 2802 similibus
682 2737 748 2802 alii.
777 2737 888 2802 Unum
918 2737 1012 2823 Prop.
1041 2757 1099 2822 pro
1126 2759 1236 2823 penna
1264 2734 1378 2800 eadem

161 2867 241 2910 voce
265 2846 314 2910 uti
336 2844 363 2928 I,
386 2845 437 2927 20,
461 2844 513 2930 27,
536 2844 593 2910 11111
617 2844 659 2909 de
681 2843 789 2931 Hyla:

321 2975 428 3062 ,Hunc
451 2998 549 3062 super
572 2984 604 3040 01
627 2975 737 3058 Zetes,
760 2975 848 3039 huno
872 2997 969 3061 super
993 2984 1025 3040 et
1049 2971 1166 3058 Calais,

269 3081 390 3147 Oscula
412 3084 576 3168 suspensis
599 3081 766 3146 instabant
789 3104 924 3169 carpere
947 3078 1104 3168 palmis',

164 3223 275 3289 docuit
287 3225 528 3291 Lachmannus.
549 3226 624 3291 Non
647 3226 808 3312 persuasit
822 3223 1068 3309 Hertzbergius,
1092 3222 1148 3308 qui
1161 3242 1282 3294 ,manus
1305 3228 1380 3305 apte

164 3328 316 3416 intellegi
338 3353 430 3417 posse
458 3330 635 3419 praedicat.
668 3329 766 3396 Certe
795 3332 897 3414 enim,
930 3352 1004 3394 oum
1032 3328 1074 3394 de
1104 3327 1196 3393 Calai
1227 3335 1260 3391 et
1287 3325 1382 3407 Zeto,

164 3437 225 3502 alis
257 3437 398 3523 indutis,
430 3447 556 3524 ageret,
589 3437 631 3504 de
663 3439 782 3524 pennis
814 3458 941 3524 quoque
974 3437 1131 3522 cogitavit
1163 3434 1194 3498 h.
1227 3433 1247 3498 l.
1277 3443 1381 3519 poeta

166 3541 319 3609 Ceterum
350 3546 449 3609 etiam
479 3544 541 3610 hoc
572 3543 694 3608 factum
726 3554 789 3609 est·
804 3541 1005 3607 Graecorum
1033 3565 1076 3607 ex
1100 3541 1295 3623 imitatione,
1325 3540 1381 3626 qui

165 3650 301 3738 ταρσούς
324 3673 421 3737 saepe
445 3650 486 3716 de
510 3650 570 3716 alis
593 3659 759 3736 usurpant

270 3759 324 3824 Ex
347 3758 564 3824 similitudine
587 3758 777 3845 metaphora
793 3759 903 3840 oritur,
928 3759 1020 3822 ouius
1044 3755 1169 3841 figurae
1193 3754 1381 3841 Propertius

165 3864 308 3952 plurima
329 3867 461 3931 omnino
484 3864 584 3931 habet
607 3863 777 3951 exempla3
801 3885 888 3930 nova
908 3874 1019 3930 autem
1041 3873 1117 3928 sunt
1138 3863 1239 3928 haec:

271 3973 301 4038 Ε
325 3972 526 4038 Graecorum
549 3972 717 4058 exemplo:

166 4128 302 4221 cymba
318 4101 381 4217 IV,
404 4133 437 4217 2,
461 4132 504 4197 22
527 4130 610 4217 ,Non
633 4139 682 4196 est
704 4131 860 4216 ingenii
884 4128 1022 4217 cymba
1044 4127 1215 4215 gravanda
1237 4126 1303 4213 tui’,

167 4268 252 4354 quod
275 4269 401 4355 recepit
424 4267 520 4335 Ovid.
543 4292 571 4334 0.
594 4291 622 4333 0.
647 4269 677 4353 3,
700 4267 742 4334 25
767 4288 829 4355 sq.:

297 4401 376 4488 ,Nec
398 4411 508 4467 tamen
531 4400 593 4468 hae
616 4410 742 4467 mentes
765 4410 875 4466 nostra
896 4407 1073 4487 poscuntur
1095 4396 1137 4462 ab
1161 4405 1240 4462 arte.

349 4505 559 4573 Conveniunt
582 4506 719 4594 cymbae
743 4506 819 4572 vela
840 4509 968 4572 minora
990 4502 1109 4586 meae’3
1223 4504 1227 4511 ’

170 4650 210 4714 cf.
234 4671 360 4736 quoque
383 4649 496 4731 Quint.
519 4649 598 4734 XII,
625 4651 679 4732 10,
703 4651 743 4718 31
769 4661 801 4715 01
823 4651 917 4737 Prop.
939 4649 997 4734 IV,
1021 4647 1053 4730 8,
1076 4647 1117 4729 43
1141 4641 1192 4728 35,
1215 4644 1272 4710 11111
1297 4643 1386 4709 idem

1229 4773 1242 4822 ³
