3326 5390
680 368 894 432 -25-

175 551 306 628 pturam
329 547 492 611 sinceram
514 545 700 612 vindicavit
723 547 865 612 adsensu
888 549 1033 613 omnium
1058 549 1255 611 criticorum.
1282 547 1356 611 Non
1381 569 1400 609 a

176 650 346 736 Propertio
370 655 473 739 igitur
495 655 613 739 primo,
643 653 701 719 sed
724 652 765 719 ab
790 652 911 719 Ovidio
934 653 1001 718 solo
1025 675 1064 718 ea
1086 674 1151 716 vox
1173 652 1320 738 profecta
1344 662 1402 718 est.

282 757 375 824 Haec
407 760 508 825 habui
540 759 739 848 proferenda
771 760 812 826 de
845 759 1021 826 verborum
1055 761 1149 844 copia
1180 781 1200 824 a
1231 758 1400 845 Propertio

176 871 281 928 aucta.
311 863 377 930 Sed
407 875 581 955 antequam
611 866 653 931 ad
684 867 749 932 alia
779 876 955 950 transeam,
984 868 1118 931 nomina
1143 867 1289 954 propria,
1317 888 1399 952 quae

174 969 262 1035 solus
289 971 490 1059 Propertius,
521 973 714 1062 plerumque
745 998 787 1040 ex
816 975 999 1039 imitatione
1029 971 1230 1038 Graecorum
1264 995 1401 1038 comme·

175 1085 292 1159 morat,
325 1090 481 1164 congesta
511 1103 699 1167 proponam.
731 1080 863 1145 Minimi
896 1079 1031 1167 quidem
1063 1102 1115 1143 me
1145 1079 1226 1144 illud
1256 1080 1401 1146 studium

175 1184 364 1264 aestimare,
389 1206 463 1249 cum
486 1186 572 1251 nihil
596 1186 638 1252 ad
660 1197 776 1274 poetae
803 1189 962 1252 sermonis
990 1185 1136 1251 adferret
1164 1189 1400 1272 cognitionem,

175 1291 311 1355 ineunte
336 1291 402 1354 iam
425 1291 487 1356 hoc
511 1296 617 1380 capite
641 1294 804 1381 professus
828 1317 916 1376 sum,
940 1293 1012 1376 sed,
1036 1314 1078 1357 ne
1098 1292 1178 1380 quid
1194 1291 1400 1359 desideretur

174 1419 260 1462 neve
290 1418 369 1482 non,
400 1421 483 1485 quae
514 1400 671 1466 Teufelus
700 1422 853 1490 peccasse
885 1399 967 1464 mihi
999 1397 1140 1488 videtur,
1172 1401 1399 1486 expediantur,

172 1501 367 1569 brevissime
392 1527 431 1569 ea
453 1527 580 1594 quoque
605 1507 813 1574 enumerabo.

280 1652 492 1746 Exhibentur
515 1667 625 1724 autem
648 1681 669 1723 a
690 1659 757 1724 solo
781 1659 1001 1724 Romanorum
1024 1659 1211 1746 Propertio:

172 1793 399 1883 Argynnus,
422 1822 505 1886 puer
529 1800 569 1864 ab
592 1799 842 1888 Agamemnone
858 1811 984 1866 amatus
998 1801 1056 1886 IV,
1072 1802 1106 1885 6,
1123 1801 1223 1868 22-
1241 1800 1400 1866 Η113113

217 1902 247 1988 Ι,
271 1903 305 1986 2,
331 1903 385 1986 16,
409 1903 612 1990 Lampetie
635 1903 691 1988 IV,
718 1907 771 1988 11,
796 1903 838 1969 29
862 1903 1107 1989 30,Ρ311),Π,
1130 1903 1165 1989 4,
1189 1904 1223 1988 9,
1246 1902 1399 1968 heroides

221 2008 407 2075 —deinde
436 2009 631 2074 ancillarum
658 2012 810 2076 nomina:
837 2008 1002 2098 Amycle
1030 2010 1069 2095 V,
1098 2010 1132 2094 5,
1160 2010 1216 2094 35,
1243 2009 1400 2075 Parthe-

219 2117 284 2180 nie
316 2115 356 2197 V,
391 2113 422 2200 7,
459 2114 512 2200 74,
545 2116 681 2182 Petale
711 2117 750 2200 V,
784 2118 815 2200 7,
848 2117 892 2182 43
923 2156 966 2166 -
998 2127 1067 2182 tum
1098 2116 1278 2206 Bithyniae
1310 2115 1400 2199 fons,

217 2222 320 2309 Pege
343 2223 372 2305 Ι,
400 2223 457 2308 20,
486 2223 545 2289 331
570 2232 666 2311 atque
689 2224 773 2290 haec
797 2223 995 2312 conprobata
1019 2227 1118 2290 etiam
1141 2223 1236 2290 nobis
1260 2223 1400 2289 Graeco

220 2352 293 2393 rum
322 2330 492 2416 exemplis.
521 2330 615 2412 Quae
642 2353 721 2396 vero
749 2331 844 2396 nobis
871 2331 991 2396 desunt
1014 2334 1050 2397 in
1073 2333 1182 2398 hisce:
1209 2332 1337 2417 Horops
1360 2329 1399 2412 V,

220 2435 247 2518 l,
265 2435 315 2519 77,
340 2435 512 2524 Cytaine
535 2437 560 2519 I,
579 2439 606 2520 l,
621 2437 674 2521 24,
698 2437 939 2503 Dorozantes
962 2438 1001 2522 V,
1018 2438 1047 2522 5,
1068 2440 1119 2523 21,
1143 2436 1397 2506 Ischomache

217 2541 260 2625 H,
283 2544 312 2625 2,
338 2541 369 2626 9,
392 2543 573 2629 Lycinna
595 2543 651 2626 IV,
678 2543 732 2627 14,
756 2543 790 2627 6,
810 2542 1003 2609 Teuthras
1026 2545 1055 2628 I,
1082 2546 1137 2629 11,
1163 2547 1219 2627 11,
1249 2543 1399 2609 Orome-

219 2647 292 2713 don
315 2648 371 2730 IV,
396 2649 424 2730 8,
445 2649 498 2715 48.
517 2686 560 2696 —
585 2649 787 2715 Graecorum
810 2672 899 2715 more
923 2650 1061 2716 formata
1084 2650 1170 2715 solus
1193 2649 1309 2715 habet:
1334 2648 1399 2715 Cu·

217 2777 280 2820 res
302 2753 342 2838 V,
365 2755 395 2839 4,
420 2756 439 2821 8
463 2778 522 2842 pro
546 2755 674 2840 Quiris3
698 2757 873 2844 Lygmon
896 2756 936 2840 V,
962 2757 990 2841 1,
1013 2757 1056 2821 29
1079 2778 1138 2843 pro
1160 2755 1317 2822 Lucumo.

278 2907 456 2976 Adiectiva
479 2909 521 2976 de
545 2911 733 2977 nominibus
755 2932 863 2998 propr.
886 2910 1036 2992 derivata
1058 2909 1145 2976 solus
1167 2908 1320 2997 praebet:

172 3049 434 3136 Amphiareae
448 3052 507 3136 ΙΠ,
524 3052 576 3135 32,
593 3054 649 3135 39,
665 3053 1022 3139 Bellerophonteus
1044 3051 1102 3134 IV,
1118 3053 1148 3135 2,
1164 3053 1199 3134 2,
1220 3051 1397 3138 Cepheus

217 3155 257 3238 V,
280 3157 314 3240 6,
339 3157 395 3239 78,
419 3158 588 3245 Hylleus
610 3160 640 3243 I,
664 3159 700 3244 8,
723 3159 779 3241 26,
804 3159 1067 3225 Μ3113111113113
1089 3159 1135 3243 ΙΙ,
1160 3160 1193 3242 6,
1216 3159 1252 3240 3,
1281 3158 1396 3225 Oron-

91 3248 95 3253 ⁵
218 3272 304 3328 teus
334 3264 364 3347 Ι,
394 3264 427 3346 2,
456 3265 491 3347 3,
518 3265 771 3332 Perimedeus
793 3266 841 3349 H,
864 3268 898 3348 4,
924 3265 979 3348 18,
1007 3264 1343 3332 Theodomanteus
1365 3267 1395 3350 I,

219 3369 270 3452 20,
293 3370 323 3434 6.
349 3407 387 3418 -
413 3370 479 3436 3113
501 3382 598 3460 atque
622 3376 742 3438 usitata
765 3373 868 3438 forma
898 3376 1042 3460 (praeter
1071 3395 1124 3455 ea,
1154 3394 1237 3459 quae
1267 3373 1346 3439 inde
1376 3397 1396 3438 a

218 3499 293 3564 pag.
318 3477 358 3542 13
381 3481 550 3562 11331311),
581 3479 811 3544 Menelaeus
837 3479 903 3562 IH,
934 3478 965 3562 7,
1001 3479 1054 3561 14,
1086 3478 1303 3544 Daedalius
1330 3479 1394 3562 HI,

219 3584 251 3666 6,
275 3585 305 3650 8.
329 3620 371 3632 -
393 3583 671 3652 Alcmaeonius
702 3585 759 3669 IV,
786 3586 820 3669 4,
848 3587 906 3667 41,
935 3583 1124 3651 Autarius
1152 3587 1182 3668 I,
1211 3587 1245 3669 8,
1273 3585 1324 3650 25.
1352 3624 1392 3635 -

214 3690 441 3758 Bassaricas
464 3693 522 3778 IV,
549 3695 602 3777 16,
626 3695 684 3775 30,
707 3695 904 3758 Neuricus
927 3692 966 3775 V,
990 3692 1024 3776 3,
1047 3694 1077 3759 8.
1100 3727 1144 3740 -
1167 3692 1342 3781 Hylaeus
1364 3693 1394 3774 Ι,

220 3797 251 3880 1,
281 3799 338 3881 13,
365 3799 595 3866 Philetaeus
622 3800 680 3885 IV,
707 3803 741 3885 2,
770 3801 829 3884 52,
857 3800 896 3884 V,
921 3802 956 3885 6,
979 3801 1000 3865 3
1025 3837 1063 3848 -·
1089 3798 1326 3886 Androgeos
1348 3799 1393 3882 H,

221 3906 248 3988 1,
265 3904 308 3970 62
333 3939 374 3954 -
397 3905 626 3994 Arganthus
644 3908 669 3991 I,
688 3907 739 3992 20,
755 3908 798 3972 33
816 3943 856 3956 -
873 3907 1139 3992 DulichiaIH,
1155 3906 1279 3991 6,4--
1295 3907 1393 3971 lasis

217 4012 242 4094 Ι,
261 4011 291 4095 1,
318 4013 373 4095 10,
403 4012 591 4100 Oythaeis
613 4014 660 4097 H,
683 4016 717 4098 4,
743 4013 798 4096 17,
829 4012 1048 4099 Strymonis
1071 4015 1111 4098 V,
1133 4015 1167 4097 4,
1197 4015 1252 4096 72,
1280 4014 1394 4099 Bory-

217 4118 425 4185 sthenidae
447 4119 494 4204 H,
519 4120 546 4204 7,
577 4121 632 4203 18,
660 4119 813 4186 Nilotes
836 4120 875 4204 V,
900 4122 933 4204 8,
958 4121 1000 4186 39
1025 4155 1066 4168 ·-
1090 4122 1266 4209 Thynias
1288 4122 1317 4205 Ι,
1341 4121 1392 4204 20,

219 4223 264 4289 34
289 4263 325 4273 -
351 4227 483 4292 Latris
505 4226 544 4310 V,
569 4226 598 4310 7,
623 4224 678 4310 75,
703 4226 865 4295 Glaucia
887 4227 927 4313 V,
951 4229 981 4313 3,
1004 4227 1056 4293 55.

652 4531 914 4556 n—n———al—-u-n
