3326 5390
756 355 974 419 „44-

256 530 372 603 funus
394 537 514 601 mirum
537 537 572 599 in
596 535 726 600 modum
750 533 918 598 adhibuit:
961 568 964 572 ,

314 667 353 752 V,
374 669 426 751 11,
442 669 462 735 3
487 666 578 754 ,Cum
595 667 696 733 semel
712 666 859 733 infernas
874 668 1040 732 intrarunt
1054 668 1194 735 funera
1208 666 1317 754 leges’,

256 800 313 865 ubi
341 800 382 866 de
406 801 559 868 Manibus
589 813 622 868 et
650 800 775 866 umbris
804 810 1003 866 mertuorum
1031 803 1175 888 cogitare
1203 823 1261 867 nos
1288 802 1377 887 cogit
1404 823 1474 864 ecn-

256 909 372 992 tentia,
396 931 479 995 quae
504 919 552 974 est
575 909 706 995 ,Orcum
730 931 804 973 cum
828 907 1170 973 intrarunt—Manes'.

361 1013 424 1079 Pro
447 1015 571 1081 ossibus
595 1017 720 1081 dictum
743 1038 813 1080 esse
837 1024 950 1080 censet
971 1014 1171 1080 Kuttnerus:

330 1137 393 1220 III,
416 1136 451 1223 5,
477 1140 516 1205 18
540 1140 592 1227 ‘Et
615 1141 715 1204 sitin
740 1141 861 1224 exigno
883 1138 994 1204 laurus
1007 1137 1229 1226 -superaddita
1250 1137 1357 1221 busto,

600 1246 693 1328 Quae
716 1256 807 1333 tegat
830 1248 968 1311 extincti
992 1246 1118 1311 funeris
1140 1245 1257 1311 umbra
1279 1243 1403 1328 locum’,

258 1373 316 1438 sed
345 1379 477 1442 omnino
506 1378 548 1443 de
578 1400 656 1464 rogo
686 1377 948 1464 intellegendum
977 1401 1047 1444 esse
1069 1388 1202 1466 propter
1224 1357 1389 1444 adiectum
1412 1401 1474 1464 ,ex-

258 1481 361 1546 tincti’
385 1494 474 1570 puto,
498 1494 534 1549 ut
555 1507 681 1572 quoque

347 1605 403 1688 IV,
430 1608 482 1690 14,
506 1607 548 1672 46
573 1610 630 1695 ,Te
653 1609 753 1674 solam
777 1619 809 1674 et
833 1609 956 1696 lignis
978 1609 1131 1674 funeris
1154 1620 1243 1675 ustus
1266 1608 1390 1676 amem'.

257 1736 412 1802 Recurrit
434 1749 543 1804 autem
567 1739 681 1826 ,funue'
704 1763 762 1829 pro
785 1763 863 1828 rogo
886 1743 1027 1828 positum
1049 1740 1136 1806 Suet
1158 1741 1280 1807 Domit.
1306 1743 1347 1807 15
1369 1743 1391 1807 f.

365 1845 461 1926 Quod
489 1869 587 1934 supra
614 1846 757 1935 denique
788 1850 936 1934 ,extincti
964 1848 1090 1913 funeris
1112 1847 1227 1913 locum’
1251 1851 1271 1914 i
1295 1872 1323 1914 e.
1344 1850 1476 1915 bustum

260 1948 357 2035 dixit,
380 1950 527 2018 breviter
551 1953 684 2040 ‘funera'
709 1955 870 2042 adpellat:

346 2079 376 2163 I,
399 2080 500 2165 22‚›4
524 2081 567 2168 ,Si
590 2083 751 2149 Perusina
773 2083 834 2149 tibi
857 2085 983 2171 patriae
1006 2093 1082 2148 eunt
1104 2093 1181 2148 nota
1203 2083 1364 2170 sepulcra,

575 2188 692 2255 Italiae
716 2190 807 2255 duris
831 2192 970 2256 funera
991 2189 1211 2277 temporibus’,

261 2321 313 2383 cui
338 2319 378 2384 ci.
401 2319 495 2408 Prop.
517 2322 560 2406 Π,
586 2325 612 2407 1,
636 2325 695 2388 at:

367 2445 459 2530 ,Nam
482 2448 632 2533 quotiens
654 2448 817 2514 Mutinam
840 2459 895 2514 aut
918 2447 1032 2513 civilia
1054 2447 1150 2513 busta
1171 2439 1357 2536 Philippos’.
1468 2480 1471 2485 ·

259 2609 380 2680 rogus
402 2618 460 2682 pro
483 2598 553 2685 ipso
576 2609 701 2664 mortuo
725 2601 760 2663 in
777 2610 899 2684 'rogum
923 2600 1062 2684 inposito
1086 2599 1153 2663 dici

296 2819 298 2824 Ι
341 2727 380 2812 V,
406 2730 459 2814 11,
483 2732 526 2797 ta
549 2733 651 2818 ,Haec
675 2741 723 2796 est
737 2707 882 2797 'feminei
906 2753 1031 2797 merces
1055 2741 1203 2798 extrema
1224 2709 1396 2819 triumphi,

600 2837 729 2903 Laudat
744 2837 809 2904 ubi
835 2841 1038 2904 emeritum
1061 2837 1167 2904 libera
1190 2839 1276 2904 fama
1298 2839 1444 2927 rogum’

262 2987 363 3054 eoque
388 2990 484 3034 censu
506 2980 639 3056 accepto
662 2968 747 3034 bene
778 2978 864 3035 stare
891 2969 1048 3034 traditum
1077 2967 1275 3056 ,emeritum',
1306 2973 1371 3036 iam
1401 2982 1477 3037 ante

260 3072 461 3163 Kuttnerum
482 3076 720 3162 Hertzbergiuc
743 3078 846 3142 sensit
869 3085 901 3141 et
924 3077 1144 3165 conprobavit
1182 3076 1247 3143 Sed
1275 3087 1308 3143 et
1330 3077 1392 3144 hoc
1414 3081 1478 3144 sin-

260 3179 376 3267 gulare
400 3191 449 3247 est
471 3192 504 3247 et
525 3183 612 3270 quod
633 3184 815 3269 praestitit:

326 3313 366 3398 V,
393 3314 446 3398 11,
469 3314 489 3380 8
513 3313 606 3400 ι17111
627 3324 760 3380 movent
783 3335 932 3401 superos:
955 3314 1012 3380 ubi
1036 3317 1172 3402 portitor
1195 3336 1272 3379 aera
1293 3315 1432 3401 recepit,

577 3419 717 3486 Obserat
739 3420 892 3486 herbosos
916 3420 1025 3487 lurida
1046 3431 1139 3509 porta
1161 3419 1295 3507 rogos',

217 3553 318 3633 gubi
347 3574 430 3619 nens
443 3553 528 3620 bene
558 3553 725 3620 intellexit
752 3553 1001 3621 Lachmannum
1031 3554 1071 3620 ab
1101 3557 1170 3642 ipso
1193 3553 1361 3620 laudatum
1382 3553 1476 3618 Kutt·

260 3684 372 3745 nerus,
401 3683 460 3748 pro
488 3660 652 3749 ,sepulcro’
683 3664 731 3744 (ut
752 3662 809 3747 IV,
839 3662 873 3747 6,
905 3663 960 3744 103
991 3659 1061 3727 Cat.
1090 3661 1144 3745 68,
1172 3662 1227 3744 97)
1253 3660 1377 3726 dictum
1406 3681 1475 3724 esse

261 3770 502 3856 interpretatus.
533 3768 617 3833 Nam
647 3771 717 3855 ipse
747 3768 979 3834 Lachmannus
1009 3767 1082 3855 ,Sed
1112 3767 1257 3854 dignum’
1287 3769 1333 3832 ait
1363 3765 1477 3854 ,obser-

260 3877 392 3942 vatione
423 3883 487 3960 est,
516 3874 607 3940 aliud
635 3877 734 3941 etiam
764 3878 799 3941 in
829 3877 891 3941 hoc
920 3875 990 3940 loco
1020 3897 1133 3940 ausum
1162 3897 1231 3940 esse
1258 3875 1476 3962 Propertium,

260 4004 395 4069 rogum
417 3982 472 4048 vel
495 3982 680 4070 sepulcrum
702 4006 761 4071 pro
784 3982 883 4049 Orco
907 3980 1029 4047 dicere.
1050 3981 1135 4046 Nam
1154 3983 1200 4046 ita
1215 3979 1476 4066 intellegendum

262 4112 331 4156 esse
354 4091 588 4178 praecedentia
611 4092 769 4156 evincunt
792 4090 867 4177 ,Ubi
890 4091 1027 4176 portitor
1050 4110 1127 4152 aera
1149 4086 1291 4174 recepit’,
1315 4110 1380 4175 eqs.

262 4236 389 4308 Manes
420 4261 546 4327 quoque
579 4241 656 4305 satis
687 4239 844 4305 audacter
874 4259 932 4325 pro
965 4240 1077 4304 cinere
1110 4247 1142 4303 et
1172 4240 1314 4326 corporis
1340 4240 1477 4305 cremati

261 4346 410 4433 reliquiis
432 4345 600 4411 adhibuit:

283 4479 349 4562 IH,
371 4478 405 4563 5,
432 4479 472 4544 16
497 4479 650 4566 Deinde,
673 4479 731 4545 ubi
754 4479 937 4565 suppositus
961 4457 1107 4544 cinerem
1129 4501 1182 4543 me
1204 4478 1322 4545 fecerit
1345 4479 1448 4563 ardor,

547 4584 700 4673 Accipiat
722 4587 855 4651 Manes
878 4585 1012 4672 parvola
1035 4595 1118 4651 tecta
1140 4584 1246 4650 meos'.
