3326 5390
809 423 1024 488 ..58-

310 598 351 662 ao
374 621 403 686 q.
427 600 609 685 011101,
632 603 662 686 4,
685 603 723 669 s:

489 724 612 811 ,Nudus
636 735 668 790 et
690 725 849 792 hibernae
872 727 1025 814 producis
1046 728 1170 814 frigora
1191 727 1334 812 brumae,
1432 781 1435 788 .

541 831 657 898 Nudus
680 844 713 900 et
735 835 851 900 aestivi
875 845 1021 921 tempora
1044 837 1131 900 sicca
1154 832 1261 900 Canis’

310 971 342 1026 ct
365 961 406 1027 (10
429 961 508 1028 luna
528 965 622 1052 Prop.
643 966 710 1048 III,
733 967 767 1049 9,
792 965 848 1031 15:

489 1088 568 1173 ,Nec
590 1089 670 1155 licet
692 1091 728 1155 in
750 1092 858 1156 triviis
880 1092 986 1156 sicca
1007 1093 1212 1178 requiescere
1235 1090 1343 1176 luna',

309 1221 401 1284 cuius
423 1231 534 1306 postea
556 1247 640 1290 unus
667 1225 820 1312 praebuit
848 1226 999 1313 exempla
1024 1226 1153 1291 Plinius
1179 1225 1291 1310 XVII,
1319 1226 1353 1310 9,
1375 1227 1437 1310 (8),
1459 1224 1524 1308 57;

312 1325 470 1413 14,(24),
495 1331 567 1396 112.
593 1331 780 1399 Induuntur
808 1335 910 1419 igitur
932 1333 1042 1398 sidera
1063 1335 1097 1397 vi
1125 1333 1287 1416 siccandi,
1315 1355 1389 1399 cum
1411 1343 1524 1398 tamen
1645 1417 1646 1422 ἵ

310 1432 395 1498 nihil
418 1436 482 1500 nisi
504 1447 603 1504 testes
625 1440 781 1506 siccitatis
804 1441 878 1505 sint.

415 1541 652 1631 Subiungenda
674 1555 750 1612 sunt
772 1545 850 1611 huic
872 1547 1060 1612 mutationis
1083 1549 1199 1632 generi
1223 1548 1320 1613 etiam
1341 1547 1404 1613 duo
1422 1546 1524 1613 haec:
1645 1611 1646 1620 ,

310 1678 441 1753 docilis
464 1697 512 1753 est
534 1690 575 1772 is,
594 1692 650 1777 qui
674 1689 760 1756 bene
776 1690 896 1755 doceri*
909 1698 1026 1777 potest,
1049 1692 1105 1778 qui
1122 1689 1219 1756 facile
1235 1691 1344 1775 discit,
1367 1688 1524 1756 translate

311 1792 408 1856 etiam
431 1793 473 1859 de
496 1795 594 1861 rebus
618 1796 740 1862 dicitur
763 1797 877 1863 eodem
900 1820 1005 1866 sensu.
1030 1798 1123 1863 Unus
1145 1798 1238 1885 Prop.
1262 1797 1304 1862 de
1327 1799 1375 1862 eis
1396 1819 1524 1885 quoque

310 1898 407 1964 rebus
435 1902 550 1968 eadem
576 1926 656 1970 voce
684 1905 801 1987 utitur,
833 1927 916 1993 quae
943 1903 1042 1971 facile
1070 1904 1252 1988 discuntur,
1280 1904 1394 1970 faciles
1421 1905 1524 1989 igitur

310 2016 385 2072 sunt
408 2008 450 2074 ad
473 2011 725 2097 capessendum:

375 2139 414 2222 V,
437 2141 470 2225 2,
493 2142 536 2209 63
560 2143 634 2228 ,Qui
658 2166 710 2209 me
733 2152 800 2209 tam
823 2141 946 2209 dociles
968 2144 1100 2230 potuisti
1125 2143 1263 2210 fundere
1288 2145 1323 2208 in
1345 2143 1452 2227 usus’,

311 2271 503 2340 Ciceronem
527 2276 661 2343 fortasse
686 2286 827 2361 secutus,
855 2279 911 2366 qui
931 2277 1072 2343 eundem
1096 2279 1131 2342 in
1154 2300 1262 2362 usum,
1291 2277 1451 2342 contrario
1475 2279 1522 2341 ni-

310 2381 428 2446 mirum
451 2405 556 2466 sensu,
581 2383 750 2470 ,indocilis’
773 2384 909 2451 adhibet
932 2378 1023 2449 acad,
1044 2385 1078 2466 4,
1104 2386 1119 2448 1
1146 2383 1308 2470 ,indocilis
1330 2380 1522 2470 disciplina'.

309 2486 435 2552 Eadem
458 2489 613 2556 adiectivi
637 2490 770 2578 ,docilis'
793 2493 882 2556 notio
904 2491 1046 2556 occurrit
1068 2490 1156 2576 apud
1176 2488 1263 2556 anl.
1286 2487 1365 2555 Aur.
1389 2489 1523 2554 chronia

310 2591 349 2675 V,
375 2595 423 2679 11,
449 2596 511 2662 132
537 2597 662 2688 ,docilis
685 2597 806 2665 sermo?
831 2597 896 2664 Sed
920 2599 1018 2663 etiam

309 2735 482 2810 indocilis
505 2741 665 2829 singulari
689 2743 930 2829 significatione
954 2749 1044 2807 extat
1066 2740 1153 2827 apud
1175 2740 1268 2828 Prop.
1298 2740 1394 2823 Quod
1417 2739 1525 2806 adiec-

310 2847 414 2912 tivum
436 2849 528 2914 varie
551 2860 741 2937 usurpatum
767 2851 887 2938 passim
915 2847 1002 2934 apud
1029 2846 1109 2912 alios
1135 2849 1308 2935 scriptores
1337 2849 1525 2913 invenimus

311 2952 400 3019 etde
417 2975 466 3037 co,
491 2956 546 3044 qui
562 2957 670 3042 docet,
694 2967 726 3024 et
749 2957 791 3022 de
814 2977 850 3022 re
874 2955 1022 3021 docenda
1044 2952 1133 3042 apud
1148 2953 1215 3020 Oic.
1231 2954 1252 3020 l.
1268 2953 1297 3039 l.,
1320 2976 1383 3020 nec
1399 2953 1525 3020 nonde

311 3080 357 3144 eo,
380 3063 436 3148 qui
460 3061 613 3147 docetur,
636 3084 694 3149 pro
718 3061 885 3151 ,indoctus’
915 3061 1002 3127 idem
1026 3083 1152 3149 quoque
1175 3063 1266 3148 poni,
1292 3082 1388 3126 nemo
1411 3061 1527 3126 nescit

310 3163 478 3234 Audacter
499 3180 608 3236 autem
632 3179 677 3255 et,
701 3177 857 3258 quantum
879 3167 988 3251 video,
1011 3166 1222 3254 singulariter
1243 3168 1337 3255 Prop.
1359 3167 1422 3232 hac
1443 3187 1527 3232 voce

311 3295 387 3340 usus
410 3284 459 3341 est
480 3273 511 3360 I,
533 3275 567 3360 2,
592 3275 647 3341 12:

522 3401 575 3489 ,ut
597 3401 678 3468 sciat
700 3400 895 3467 indociles
918 3422 1049 3468 currere
1072 3396 1208 3486 lympha
1228 3393 1317 3480 vias’,

310 3533 341 3598 h.
365 3555 392 3600 s.
415 3555 481 3600 non
504 3533 627 3620 doctas,
651 3557 716 3600 11011
739 3541 945 3615 monstratas,
968 3532 1061 3598 nulla
1076 3542 1145 3598 arte
1167 3539 1305 3618 paratas.
1328 3529 1433 3616 Prope
1455 3530 1526 3617 qui-

311 3640 386 3708 dem
409 3639 568 3708 accedere
592 3639 676 3707 illud
698 3639 811 3707 Ovidii
836 3640 939 3707 fateor
961 3641 1042 3705 trist.
1065 3639 1123 3722 IV,
1150 3639 1181 3724 1,
1204 3634 1243 3702 5:

417 3771 497 3860 ,Hoc
520 3782 569 3839 est
592 3793 650 3838 cur
673 3780 783 3838 cuntot
805 3771 935 3838 vinetus
958 3792 1085 3859 quoque
1108 3767 1264 3855 compede
1287 3767 1387 3832 fossor

468 3876 608 3946 Indocili
633 3901 768 3945 numero
792 3901 866 3944 eum
888 3900 990 3966 grave
1013 3875 1119 3942 mollit
1141 3875 1237 3962 opus',

310 4010 382 4096 sod,
409 4010 495 4100 quod
517 4013 646 4100 saepius
668 4011 831 4096 videmus,
858 4013 892 4078 vi
920 4009 1096 4098 singularis
1124 4018 1156 4076 et
1182 4011 1260 4075 novi
1286 4030 1363 4074 usus
1389 4008 1522 4090 minuto,

312 4139 385 4184 cum
409 4117 507 4184 etiam
535 4117 654 4208 pudes,
682 4115 871 4186 ineruditss’
900 4116 1050 4204 intellegi
1080 4118 1193 4204 possit,
1223 4137 1285 4204 quo
1313 4137 1410 4180 sensu
1436 4113 1521 4202 apud

312 4223 391 4291 elios
414 4243 539 4312 quoquc
564 4223 650 4291 haud
673 4247 746 4292 1010
770 4221 939 4312 ,indocilis'
963 4225 1139 4289 invenitur.

417 4329 499 4398 Tum
528 4329 723 4398 numerandi
752 4341 784 4398 et
810 4328 969 4396 metiendi
996 4329 1161 4395 adiectiva
1187 4349 1283 4415 saepe
1311 4352 1332 4394 a
1356 4325 1522 4394 veteribus

312 4435 467 4504 confundi
493 4439 527 4504 in
551 4459 663 4504 00111111.
687 4435 728 4504 ed
744 4435 783 4524 V,
806 4435 888 4526 (IV),
914 4435 947 4519 1,
971 4435 1013 4502 23
1029 4435 1162 4501 Hertnb.
1185 4433 1370 4501 observavit
1393 4433 1523 4500 etalio

311 4567 384 4612 rum
406 4545 598 4633 scriptorum
615 4543 774 4633 exemplis
797 4543 874 4610 sotis
897 4543 1109 4629 confirmavit,
1132 4540 1304 4608 dummodo
1319 4541 1524 4628 Propertium

312 4651 495 4719 accuratius
511 4653 713 4720 excussisset
735 4651 819 4718 Nam
835 4659 965 4738 praeter
982 4673 1030 4734 ea,
1047 4671 1130 4737 quas
1146 4649 1272 4734 adtulit,
1289 4651 1387 4715 ctiam
1403 4670 1523 4734 corum,
