3326 5390
679 405 873 471 ..5-

168 588 400 677 posterioribus
423 592 557 670 recepta
579 593 655 648 sunt
669 578 817 669 quaeque
840 583 926 648 solus
948 580 1097 670 praebet,
1119 583 1283 669 permixta
1304 590 1386 646 trac-

168 705 254 777 tem3
282 717 358 759 nam
384 701 494 758 utrum
521 711 599 754 casu
622 712 665 754 an
688 689 823 754 consilio
847 689 970 754 factum
993 691 1047 772 sit,
1075 697 1111 753 ut
1137 688 1219 753 haec
1243 710 1262 752 a
1284 698 1386 775 poste-

168 799 310 866 rioribus
338 806 542 885 repetantur,
570 795 628 861 illa
655 795 838 882 singularia
864 797 1045 861 manserint
1071 794 1125 872 vel
1155 804 1265 860 tamen
1293 793 1386 860 nobis

168 907 231 972 hoc
253 915 398 992 tempore
421 902 601 990 probentur
623 923 688 966 uno
711 911 839 968 tantum
866 903 1031 989 exemplo,
1057 902 1240 989 disquirere
1271 913 1304 966 et
1333 901 1387 966 de-

168 1024 348 1080 monstrare
371 1013 536 1077 rarissime
560 1010 654 1076 nobis
678 1013 855 1096 continget.
879 1009 1064 1097 Adtingere
1088 1033 1214 1098 quoque
1236 1009 1388 1096 vulgaria

169 1121 211 1187 ad
244 1121 471 1208 intellegenda
501 1131 534 1186 et
567 1120 798 1207 comprobanda
829 1141 914 1186 nova
947 1130 1003 1185 aut
1034 1119 1227 1206 singularia,
1259 1119 1387 1203 saepius

169 1229 344 1316 oportebit,
371 1250 605 1314 nonnunquam
640 1249 773 1296 necesse
806 1229 878 1292 erit
920 1225 1074 1292 Ceterum
1107 1226 1198 1292 hisce
1232 1226 1388 1313 quaestio-

170 1334 268 1401 nibus
291 1336 390 1400 etiam
414 1357 453 1399 ea
476 1336 652 1416 contineri,
675 1355 758 1420 quae
781 1332 916 1398 adrem
939 1335 1187 1420 grammaticam
1208 1334 1389 1419 pertinent,

170 1452 204 1507 et
234 1443 411 1529 praecipue
439 1441 487 1506 de
521 1450 591 1506 arte
625 1441 809 1527 syntectica
842 1438 946 1504 fusius
978 1439 1143 1528 agendum
1174 1462 1244 1506 esse
1277 1440 1389 1526 liquet
1481 1483 1484 1489 -

171 1547 310 1634 Singula
333 1557 442 1612 autem
470 1570 535 1612 non
558 1546 662 1612 solum
686 1548 733 1612 ita
756 1548 962 1632 expositurus
984 1569 1067 1629 sum,
1095 1555 1142 1629 ut,
1170 1546 1319 1634 quidde
1343 1547 1394 1617 eis

171 1656 360 1724 censuerint
382 1655 447 1718 viri
471 1653 572 1738 docti,
595 1675 758 1735 enarrem,
782 1653 841 1718 sed
865 1656 963 1720 etiam
988 1664 1024 1719 ut
1043 1654 1085 1721 de
1109 1653 1240 1718 illorum
1262 1661 1390 1742 senten-

171 1763 226 1826 tiis
250 1760 430 1826 diiudicem
456 1769 501 1842 et,
531 1759 611 1846 quid
637 1758 719 1824 mihi
746 1759 913 1844 videatur,
942 1784 999 1826 suo
1028 1762 1171 1848 quidque
1195 1760 1265 1826 loco
1286 1759 1391 1850 profes

171 1890 250 1933 ram.
280 1868 321 1932 In
351 1868 496 1940 numeris
526 1865 669 1952 denique
699 1863 926 1932 adscribendis
955 1890 1072 1956 sequor
1101 1868 1279 1934 editionem
1310 1867 1390 1932 Luc.-

172 1974 335 2040 Muelleri.

278 2203 465 2291 Antequam
496 2228 566 2270 rem
599 2208 701 2292 ipsam
732 2207 921 2292 adgrediar,
952 2205 1059 2271 officio
1090 2207 1184 2292 fungi
1215 2229 1267 2272 me
1295 2207 1391 2274 decet

175 2312 341 2376 carissimo
363 2311 460 2376 simul
484 2321 517 2378 ct
536 2313 738 2378 tristissimo:
760 2316 815 2401 pio
839 2315 928 2378 enim
951 2315 1060 2378 animo
1075 2316 1263 2380 meminisse
1286 2313 1390 2381 debeo

174 2417 236 2482 hoc
259 2417 329 2483 loco
351 2414 519 2503 Augusti
543 2419 887 2503 Reifferscheidii,
910 2442 1006 2506 quem
1030 2422 1137 2486 virum
1160 2422 1390 2505 doctissimum,

174 2523 444 2589 humanissimum
467 2546 573 2610 nuper
597 2524 788 2591 defunctum
812 2547 881 2590 esse
905 2547 1103 2612 magnopere
1128 2527 1232 2596 doleo.¹
1256 2528 1389 2594 Etenim

174 2632 284 2696 omnia
306 2633 394 2696 rexit
416 2653 490 2696 mea
505 2630 614 2696 studia
632 2631 790 2696 fidissime
813 2641 846 2696 et
869 2633 904 2696 in
919 2632 1091 2698 tractanda
1113 2633 1175 2698 hac
1193 2636 1390 2720 quaestione,

174 2737 336 2825 adquam
359 2740 504 2804 animum
531 2759 640 2804 meum
668 2740 841 2821 convertit,
869 2761 905 2804 re
930 2739 1129 2827 consilioque
1156 2764 1284 2829 semper
1307 2743 1389 2808 mihi

174 2853 302 2930 praesto
331 2843 403 2909 fuit.
441 2831 573 2910 Gratias
602 2846 705 2931 igitur
733 2868 829 2932 quam
861 2848 1019 2912 maximas
1048 2869 1110 2933 ago
1140 2847 1293 2916 Manibus
1325 2851 1389 2915 viri

174 2950 297 3036 optimi,
321 2950 374 3013 cui
398 2952 433 3014 in
455 2960 650 3037 perpetuum
673 2973 744 3017 sum
769 2951 950 3017 devinctus.
1382 2965 1384 2974 ‘
