<?xml version="1.0" encoding="UTF-8"?>
<!DOCTYPE html PUBLIC "-//W3C//DTD XHTML 1.0 Transitional//EN"
    "http://www.w3.org/TR/xhtml1/DTD/xhtml1-transitional.dtd">
<html xmlns="http://www.w3.org/1999/xhtml" xml:lang="en" lang="en">
 <head>
  <title>
</title>
<meta http-equiv="Content-Type" content="text/html;charset=utf-8" />
  <meta name='ocr-system' content='tesseract 3.04.00' />
  <meta name='ocr-capabilities' content='ocr_page ocr_carea ocr_par ocr_line ocrx_word'/>
</head>
<body>
  <div class='ocr_page' id='page_1' title='image "./depropertioserm00schngoog_0023.png"; bbox 0 0 3326 5390; ppageno 0'>
   <div class='ocr_carea' id='block_1_1' title="bbox 793 401 1008 466">
    <p class='ocr_par' dir='ltr' id='par_1_1' title="bbox 793 401 1008 466">
     <span class='ocr_line' id='line_1_1' title="bbox 793 401 1008 466; baseline 0 -18"><span class='ocrx_word' id='word_1_1' title='bbox 793 401 1008 466; x_wconf 70' lang='lat'><strong>..18-</strong></span> 
     </span>
    </p>
   </div>
   <div class='ocr_carea' id='block_1_2' title="bbox 292 571 1519 662">
    <p class='ocr_par' dir='ltr' id='par_1_2' title="bbox 292 571 1519 662">
     <span class='ocr_line' id='line_1_2' title="bbox 292 571 1519 662; baseline 0 -19"><span class='ocrx_word' id='word_1_2' title='bbox 292 571 488 662; x_wconf 76' lang='lat' dir='ltr'>gemmifer</span> <span class='ocrx_word' id='word_1_3' title='bbox 510 576 567 658; x_wconf 94' lang='lat' dir='ltr'>IV,</span> <span class='ocrx_word' id='word_1_4' title='bbox 590 575 624 658; x_wconf 84' lang='lat'>3,</span> <span class='ocrx_word' id='word_1_5' title='bbox 647 576 667 640; x_wconf 84' lang='lat'>2</span> <span class='ocrx_word' id='word_1_6' title='bbox 696 576 748 661; x_wconf 74' lang='lat' dir='ltr'>,m</span> <span class='ocrx_word' id='word_1_7' title='bbox 770 576 854 640; x_wconf 88' lang='lat' dir='ltr'>freta</span> <span class='ocrx_word' id='word_1_8' title='bbox 874 574 1096 661; x_wconf 80' lang='lat' dir='ltr'>gemmiferi</span> <span class='ocrx_word' id='word_1_9' title='bbox 1123 573 1250 640; x_wconf 89' lang='lat' dir='ltr'>findere</span> <span class='ocrx_word' id='word_1_10' title='bbox 1274 576 1376 642; x_wconf 87' lang='lat' dir='ltr'>classe</span> <span class='ocrx_word' id='word_1_11' title='bbox 1400 577 1519 643; x_wconf 85' lang='lat' dir='ltr'>maris&#39;</span> 
     </span>
    </p>
   </div>
   <div class='ocr_carea' id='block_1_3' title="bbox 290 704 1520 1120">
    <p class='ocr_par' dir='ltr' id='par_1_3' title="bbox 290 704 1520 1120">
     <span class='ocr_line' id='line_1_3' title="bbox 292 704 1520 797; baseline 0.005 -27"><span class='ocrx_word' id='word_1_12' title='bbox 292 709 313 770; x_wconf 92' lang='lat' dir='ltr'>i.</span> <span class='ocrx_word' id='word_1_13' title='bbox 337 729 364 770; x_wconf 91' lang='lat' dir='ltr'>e.</span> <span class='ocrx_word' id='word_1_14' title='bbox 386 708 485 771; x_wconf 86' lang='lat' dir='ltr'>maris</span> <span class='ocrx_word' id='word_1_15' title='bbox 507 706 679 792; x_wconf 83' lang='lat' dir='ltr'>Erythrei,</span> <span class='ocrx_word' id='word_1_16' title='bbox 703 709 738 771; x_wconf 94' lang='lat' dir='ltr'>in</span> <span class='ocrx_word' id='word_1_17' title='bbox 766 729 828 793; x_wconf 93' lang='lat' dir='ltr'>quo</span> <span class='ocrx_word' id='word_1_18' title='bbox 854 705 985 792; x_wconf 72' lang='lat' dir='ltr'>,legitur</span> <span class='ocrx_word' id='word_1_19' title='bbox 1011 704 1120 769; x_wconf 88' lang='lat' dir='ltr'>rubris</span> <span class='ocrx_word' id='word_1_20' title='bbox 1150 705 1286 790; x_wconf 86' lang='lat' dir='ltr'>gemma</span> <span class='ocrx_word' id='word_1_21' title='bbox 1307 710 1366 775; x_wconf 90' lang='lat' dir='ltr'>sub</span> <span class='ocrx_word' id='word_1_22' title='bbox 1395 733 1520 797; x_wconf 88' lang='lat' dir='ltr'>aequo-</span> 
     </span>
     <span class='ocr_line' id='line_1_4' title="bbox 291 817 1518 903; baseline 0.002 -20"><span class='ocrx_word' id='word_1_23' title='bbox 291 817 390 883; x_wconf 81' lang='lat' dir='ltr'>ribus’</span> <span class='ocrx_word' id='word_1_24' title='bbox 414 819 450 901; x_wconf 83' lang='lat' dir='ltr'>(I,</span> <span class='ocrx_word' id='word_1_25' title='bbox 476 819 529 901; x_wconf 89' lang='lat'>14,</span> <span class='ocrx_word' id='word_1_26' title='bbox 555 821 625 902; x_wconf 72' lang='grc'><strong>12),</strong></span> <span class='ocrx_word' id='word_1_27' title='bbox 657 820 771 886; x_wconf 90' lang='lat' dir='ltr'>eodem</span> <span class='ocrx_word' id='word_1_28' title='bbox 801 845 898 886; x_wconf 90' lang='lat' dir='ltr'>sensu</span> <span class='ocrx_word' id='word_1_29' title='bbox 927 821 1012 886; x_wconf 90' lang='lat' dir='ltr'>Plin.</span> <span class='ocrx_word' id='word_1_30' title='bbox 1035 844 1067 885; x_wconf 95' lang='lat' dir='ltr'>n.</span> <span class='ocrx_word' id='word_1_31' title='bbox 1089 820 1121 884; x_wconf 94' lang='grc'>11.</span> <span class='ocrx_word' id='word_1_32' title='bbox 1153 819 1333 902; x_wconf 81' lang='lat' dir='ltr'>XXXVII,</span> <span class='ocrx_word' id='word_1_33' title='bbox 1367 822 1408 887; x_wconf 89' lang='lat'>13</span> <span class='ocrx_word' id='word_1_34' title='bbox 1431 821 1518 903; x_wconf 79' lang='lat'>(76),</span> 
     </span>
     <span class='ocr_line' id='line_1_5' title="bbox 291 923 1518 1013; baseline 0 -23"><span class='ocrx_word' id='word_1_35' title='bbox 291 925 357 990; x_wconf 92' lang='grc'>200</span> <span class='ocrx_word' id='word_1_36' title='bbox 380 923 582 1010; x_wconf 78' lang='lat' dir='ltr'>,Gemmiferi</span> <span class='ocrx_word' id='word_1_37' title='bbox 607 951 719 992; x_wconf 88' lang='lat' dir='ltr'>amnes</span> <span class='ocrx_word' id='word_1_38' title='bbox 742 939 817 993; x_wconf 89' lang='lat' dir='ltr'>sunt</span> <span class='ocrx_word' id='word_1_39' title='bbox 832 927 993 994; x_wconf 81' lang='lat' dir='ltr'>Acesinus</span> <span class='ocrx_word' id='word_1_40' title='bbox 1018 938 1051 993; x_wconf 89' lang='lat' dir='ltr'>et</span> <span class='ocrx_word' id='word_1_41' title='bbox 1070 926 1221 1013; x_wconf 86' lang='lat' dir='ltr'>Ganges&#39;.</span> <span class='ocrx_word' id='word_1_42' title='bbox 1244 927 1420 992; x_wconf 86' lang='lat' dir='ltr'>Praeterea</span> <span class='ocrx_word' id='word_1_43' title='bbox 1435 925 1518 990; x_wconf 88' lang='lat' dir='ltr'>Val.</span> 
     </span>
     <span class='ocr_line' id='line_1_6' title="bbox 290 1030 1516 1120; baseline 0.001 -25"><span class='ocrx_word' id='word_1_44' title='bbox 290 1030 400 1096; x_wconf 86' lang='lat' dir='ltr'>Flacc.</span> <span class='ocrx_word' id='word_1_45' title='bbox 422 1030 456 1114; x_wconf 83' lang='lat'>5,</span> <span class='ocrx_word' id='word_1_46' title='bbox 479 1033 543 1098; x_wconf 87' lang='grc'>448</span> <span class='ocrx_word' id='word_1_47' title='bbox 569 1035 771 1119; x_wconf 69' lang='lat' dir='ltr'>,gemmifera</span> <span class='ocrx_word' id='word_1_48' title='bbox 794 1035 920 1100; x_wconf 89' lang='lat' dir='ltr'>corona’</span> <span class='ocrx_word' id='word_1_49' title='bbox 944 1035 1042 1116; x_wconf 85' lang='lat' dir='ltr'>dixit,</span> <span class='ocrx_word' id='word_1_50' title='bbox 1067 1057 1096 1120; x_wconf 93' lang='lat' dir='ltr'>q.</span> <span class='ocrx_word' id='word_1_51' title='bbox 1113 1057 1138 1099; x_wconf 89' lang='lat' dir='ltr'>c.</span> <span class='ocrx_word' id='word_1_52' title='bbox 1154 1036 1293 1119; x_wconf 83' lang='lat' dir='ltr'>gemmis</span> <span class='ocrx_word' id='word_1_53' title='bbox 1316 1035 1432 1098; x_wconf 87' lang='lat' dir='ltr'>insitis.</span> <span class='ocrx_word' id='word_1_54' title='bbox 1455 1033 1516 1096; x_wconf 87' lang='lat' dir='ltr'>De</span> 
     </span>
    </p>
   </div>
   <div class='ocr_carea' id='block_1_4' title="bbox 290 1135 1516 1310">
    <p class='ocr_par' dir='ltr' id='par_1_4' title="bbox 290 1135 1516 1310">
     <span class='ocr_line' id='line_1_7' title="bbox 291 1135 1516 1229; baseline 0.002 -29"><span class='ocrx_word' id='word_1_55' title='bbox 291 1135 431 1224; x_wconf 85' lang='lat' dir='ltr'>Ocrippo</span> <span class='ocrx_word' id='word_1_56' title='bbox 459 1139 620 1221; x_wconf 82' lang='lat' dir='ltr'>(loannid.</span> <span class='ocrx_word' id='word_1_57' title='bbox 648 1141 682 1224; x_wconf 88' lang='lat'>3,</span> <span class='ocrx_word' id='word_1_58' title='bbox 710 1141 799 1225; x_wconf 88' lang='grc'><strong>325),</strong></span> <span class='ocrx_word' id='word_1_59' title='bbox 828 1141 968 1206; x_wconf 91' lang='lat' dir='ltr'>Venant.</span> <span class='ocrx_word' id='word_1_60' title='bbox 992 1141 1072 1229; x_wconf 85' lang='lat' dir='ltr'>(Vit.</span> <span class='ocrx_word' id='word_1_61' title='bbox 1096 1138 1126 1205; x_wconf 88' lang='lat' dir='ltr'>S.</span> <span class='ocrx_word' id='word_1_62' title='bbox 1150 1141 1281 1206; x_wconf 87' lang='lat' dir='ltr'>Martin.</span> <span class='ocrx_word' id='word_1_63' title='bbox 1307 1141 1339 1223; x_wconf 95' lang='lat'>1,</span> <span class='ocrx_word' id='word_1_64' title='bbox 1364 1140 1438 1220; x_wconf 88' lang='grc'>138)</span> <span class='ocrx_word' id='word_1_65' title='bbox 1462 1149 1516 1203; x_wconf 87' lang='lat' dir='ltr'>ta-</span> 
     </span>
     <span class='ocr_line' id='line_1_8' title="bbox 290 1267 390 1310; baseline -0.02 0"><span class='ocrx_word' id='word_1_66' title='bbox 290 1267 390 1310; x_wconf 86' lang='lat' dir='ltr'>ceam.</span> 
     </span>
    </p>
   </div>
   <div class='ocr_carea' id='block_1_5' title="bbox 290 1372 1457 1486">
    <p class='ocr_par' dir='ltr' id='par_1_5' title="bbox 290 1372 1457 1486">
     <span class='ocr_line' id='line_1_9' title="bbox 290 1372 1457 1486; baseline -0.003 -22"><span class='ocrx_word' id='word_1_67' title='bbox 290 1372 456 1466; x_wconf 73' lang='lat' dir='ltr'>odorifer</span> <span class='ocrx_word' id='word_1_68' title='bbox 477 1399 541 1482; x_wconf 86' lang='grc' dir='ltr'>ΠΙ,</span> <span class='ocrx_word' id='word_1_69' title='bbox 565 1399 599 1482; x_wconf 91' lang='grc'><strong>5,</strong></span> <span class='ocrx_word' id='word_1_70' title='bbox 624 1400 642 1464; x_wconf 82' lang='lat' dir='ltr'>l</span> <span class='ocrx_word' id='word_1_71' title='bbox 668 1400 1105 1486; x_wconf 72' lang='grc' dir='ltr'>ί1111111111111611111(1(1</span> <span class='ocrx_word' id='word_1_72' title='bbox 1129 1398 1209 1464; x_wconf 90' lang='lat' dir='ltr'>mihi</span> <span class='ocrx_word' id='word_1_73' title='bbox 1234 1397 1392 1462; x_wconf 87' lang='lat' dir='ltr'>lancibus.</span> <span class='ocrx_word' id='word_1_74' title='bbox 1409 1443 1416 1460; x_wconf 97' lang='lat'><strong>.</strong></span> <span class='ocrx_word' id='word_1_75' title='bbox 1432 1395 1457 1478; x_wconf 90' lang='lat'>.’,</span> 
     </span>
    </p>
   </div>
   <div class='ocr_carea' id='block_1_6' title="bbox 289 1527 1512 1828">
    <p class='ocr_par' dir='ltr' id='par_1_6' title="bbox 289 1527 1512 1828">
     <span class='ocr_line' id='line_1_10' title="bbox 290 1527 1512 1617; baseline 0.004 -26"><span class='ocrx_word' id='word_1_76' title='bbox 290 1548 319 1612; x_wconf 92' lang='lat' dir='ltr'>q.</span> <span class='ocrx_word' id='word_1_77' title='bbox 344 1549 370 1592; x_wconf 91' lang='lat' dir='ltr'>e.</span> <span class='ocrx_word' id='word_1_78' title='bbox 393 1527 491 1593; x_wconf 90' lang='lat' dir='ltr'>odore</span> <span class='ocrx_word' id='word_1_79' title='bbox 513 1529 644 1616; x_wconf 82' lang='lat' dir='ltr'>plenae,</span> <span class='ocrx_word' id='word_1_80' title='bbox 674 1529 835 1595; x_wconf 86' lang='lat' dir='ltr'>odoratae.</span> <span class='ocrx_word' id='word_1_81' title='bbox 862 1531 955 1596; x_wconf 83' lang='lat' dir='ltr'><strong>Idem</strong></span> <span class='ocrx_word' id='word_1_82' title='bbox 984 1531 1025 1596; x_wconf 92' lang='lat' dir='ltr'>de</span> <span class='ocrx_word' id='word_1_83' title='bbox 1053 1530 1188 1596; x_wconf 88' lang='lat' dir='ltr'>floribus</span> <span class='ocrx_word' id='word_1_84' title='bbox 1215 1540 1350 1617; x_wconf 83' lang='lat' dir='ltr'>usurpat</span> <span class='ocrx_word' id='word_1_85' title='bbox 1372 1529 1429 1595; x_wconf 88' lang='lat' dir='ltr'>Sil.</span> <span class='ocrx_word' id='word_1_86' title='bbox 1458 1531 1512 1613; x_wconf 90' lang='lat'>16,</span> 
     </span>
     <span class='ocr_line' id='line_1_11' title="bbox 290 1634 1511 1726; baseline 0.003 -28"><span class='ocrx_word' id='word_1_87' title='bbox 290 1634 364 1699; x_wconf 87' lang='lat'>310.</span> <span class='ocrx_word' id='word_1_88' title='bbox 385 1635 561 1701; x_wconf 86' lang='lat' dir='ltr'>Praeterea</span> <span class='ocrx_word' id='word_1_89' title='bbox 588 1636 647 1702; x_wconf 86' lang='lat' dir='ltr'>Ov.</span> <span class='ocrx_word' id='word_1_90' title='bbox 676 1647 750 1702; x_wconf 91' lang='lat' dir='ltr'>met.</span> <span class='ocrx_word' id='word_1_91' title='bbox 777 1639 811 1721; x_wconf 90' lang='lat'>4,</span> <span class='ocrx_word' id='word_1_92' title='bbox 840 1639 903 1704; x_wconf 89' lang='grc'>209</span> <span class='ocrx_word' id='word_1_93' title='bbox 932 1638 974 1702; x_wconf 96' lang='grc'>(16</span> <span class='ocrx_word' id='word_1_94' title='bbox 1001 1639 1122 1720; x_wconf 90' lang='lat' dir='ltr'>Persis,</span> <span class='ocrx_word' id='word_1_95' title='bbox 1151 1639 1205 1724; x_wconf 93' lang='lat' dir='ltr'>qui</span> <span class='ocrx_word' id='word_1_96' title='bbox 1234 1637 1349 1702; x_wconf 87' lang='lat' dir='ltr'>odoras</span> <span class='ocrx_word' id='word_1_97' title='bbox 1375 1637 1511 1726; x_wconf 78' lang='lat' dir='ltr'>arbores</span> 
     </span>
     <span class='ocr_line' id='line_1_12' title="bbox 289 1740 1511 1828; baseline 0.004 -24"><span class='ocrx_word' id='word_1_98' title='bbox 289 1740 411 1826; x_wconf 88' lang='lat' dir='ltr'>colant,</span> <span class='ocrx_word' id='word_1_99' title='bbox 434 1744 549 1808; x_wconf 88' lang='lat' dir='ltr'>eadem</span> <span class='ocrx_word' id='word_1_100' title='bbox 572 1766 652 1808; x_wconf 89' lang='lat' dir='ltr'>voce</span> <span class='ocrx_word' id='word_1_101' title='bbox 675 1746 778 1808; x_wconf 88' lang='lat' dir='ltr'>utitur</span> <span class='ocrx_word' id='word_1_102' title='bbox 802 1755 834 1809; x_wconf 88' lang='lat' dir='ltr'>et</span> <span class='ocrx_word' id='word_1_103' title='bbox 856 1745 941 1810; x_wconf 92' lang='lat' dir='ltr'>Plin.</span> <span class='ocrx_word' id='word_1_104' title='bbox 965 1768 995 1808; x_wconf 93' lang='lat' dir='ltr'>n.</span> <span class='ocrx_word' id='word_1_105' title='bbox 1011 1743 1042 1807; x_wconf 92' lang='lat' dir='ltr'>h.</span> <span class='ocrx_word' id='word_1_106' title='bbox 1064 1743 1104 1828; x_wconf 90' lang='lat' dir='ltr'>V,</span> <span class='ocrx_word' id='word_1_107' title='bbox 1130 1745 1166 1809; x_wconf 92' lang='lat' dir='ltr'>ll</span> <span class='ocrx_word' id='word_1_108' title='bbox 1194 1745 1277 1826; x_wconf 85' lang='grc'><strong>(12),</strong></span> <span class='ocrx_word' id='word_1_109' title='bbox 1301 1744 1343 1808; x_wconf 90' lang='grc'><strong>65</strong></span> <span class='ocrx_word' id='word_1_110' title='bbox 1367 1744 1408 1808; x_wconf 87' lang='grc'>(11</span> <span class='ocrx_word' id='word_1_111' title='bbox 1427 1742 1511 1809; x_wconf 84' lang='grc' dir='ltr'><strong>Α11-</strong></span> 
     </span>
    </p>
   </div>
   <div class='ocr_carea' id='block_1_7' title="bbox 288 1843 1510 2022">
    <p class='ocr_par' dir='ltr' id='par_1_7' title="bbox 288 1843 1510 2022">
     <span class='ocr_line' id='line_1_13' title="bbox 288 1843 1510 1938; baseline 0.002 -24"><span class='ocrx_word' id='word_1_112' title='bbox 288 1848 346 1914; x_wconf 87' lang='lat' dir='ltr'>bia</span> <span class='ocrx_word' id='word_1_113' title='bbox 376 1843 530 1915; x_wconf 86' lang='lat' dir='ltr'>odoribus</span> <span class='ocrx_word' id='word_1_114' title='bbox 556 1861 645 1935; x_wconf 88' lang='lat' dir='ltr'>nota,</span> <span class='ocrx_word' id='word_1_115' title='bbox 659 1889 661 1894; x_wconf 95' lang='lat'>·</span> <span class='ocrx_word' id='word_1_116' title='bbox 674 1852 832 1937; x_wconf 92' lang='lat' dir='ltr'>quomodo</span> <span class='ocrx_word' id='word_1_117' title='bbox 862 1852 956 1938; x_wconf 90' lang='lat' dir='ltr'>Prop.</span> <span class='ocrx_word' id='word_1_118' title='bbox 985 1851 1041 1932; x_wconf 87' lang='lat' dir='ltr'>lV,</span> <span class='ocrx_word' id='word_1_119' title='bbox 1072 1850 1125 1934; x_wconf 83' lang='lat'>12,</span> <span class='ocrx_word' id='word_1_120' title='bbox 1158 1853 1176 1916; x_wconf 90' lang='grc'>8</span> <span class='ocrx_word' id='word_1_121' title='bbox 1206 1861 1247 1937; x_wconf 73' lang='lat' dir='ltr'>,ct</span> <span class='ocrx_word' id='word_1_122' title='bbox 1274 1851 1369 1916; x_wconf 85' lang='lat' dir='ltr'>multi</span> <span class='ocrx_word' id='word_1_123' title='bbox 1399 1862 1510 1938; x_wconf 88' lang='lat' dir='ltr'>pastor</span> 
     </span>
     <span class='ocr_line' id='line_1_14' title="bbox 289 1955 543 2022; baseline 0.008 -3"><span class='ocrx_word' id='word_1_124' title='bbox 289 1955 396 2021; x_wconf 91' lang='lat' dir='ltr'>odoris</span> <span class='ocrx_word' id='word_1_125' title='bbox 418 1955 543 2022; x_wconf 85' lang='lat' dir='ltr'>Arabs&#39;.</span> 
     </span>
    </p>
   </div>
   <div class='ocr_carea' id='block_1_8' title="bbox 249 2103 1508 2194">
    <p class='ocr_par' dir='ltr' id='par_1_8' title="bbox 249 2103 1508 2194">
     <span class='ocr_line' id='line_1_15' title="bbox 249 2103 1508 2194; baseline -0.001 -21"><span class='ocrx_word' id='word_1_126' title='bbox 249 2120 251 2124; x_wconf 84' lang='lat'>&#39;</span> <span class='ocrx_word' id='word_1_127' title='bbox 288 2103 461 2190; x_wconf 76' lang='lat' dir='ltr'>palmifer</span> <span class='ocrx_word' id='word_1_128' title='bbox 476 2108 515 2192; x_wconf 96' lang='lat' dir='ltr'>V,</span> <span class='ocrx_word' id='word_1_129' title='bbox 531 2107 560 2190; x_wconf 84' lang='lat'>5,</span> <span class='ocrx_word' id='word_1_130' title='bbox 578 2107 620 2173; x_wconf 92' lang='grc'><strong>25</strong></span> <span class='ocrx_word' id='word_1_131' title='bbox 645 2107 718 2194; x_wconf 70' lang='grc' dir='ltr'>ι8611</span> <span class='ocrx_word' id='word_1_132' title='bbox 736 2130 819 2194; x_wconf 88' lang='lat' dir='ltr'>quae</span> <span class='ocrx_word' id='word_1_133' title='bbox 842 2107 1034 2194; x_wconf 80' lang='lat' dir='ltr'>palmiferae</span> <span class='ocrx_word' id='word_1_134' title='bbox 1055 2110 1189 2173; x_wconf 89' lang='lat' dir='ltr'>mittunt</span> <span class='ocrx_word' id='word_1_135' title='bbox 1204 2108 1336 2172; x_wconf 86' lang='lat' dir='ltr'>venalia</span> <span class='ocrx_word' id='word_1_136' title='bbox 1354 2105 1508 2192; x_wconf 83' lang='lat' dir='ltr'>Thebae’,</span> 
     </span>
    </p>
   </div>
   <div class='ocr_carea' id='block_1_9' title="bbox 287 2237 1511 2860">
    <p class='ocr_par' dir='ltr' id='par_1_9' title="bbox 287 2237 1511 2860">
     <span class='ocr_line' id='line_1_16' title="bbox 290 2237 1509 2327; baseline 0.001 -26"><span class='ocrx_word' id='word_1_137' title='bbox 290 2237 403 2302; x_wconf 87' lang='lat' dir='ltr'>eodem</span> <span class='ocrx_word' id='word_1_138' title='bbox 427 2261 524 2303; x_wconf 92' lang='lat' dir='ltr'>sensu</span> <span class='ocrx_word' id='word_1_139' title='bbox 547 2238 685 2323; x_wconf 88' lang='lat' dir='ltr'>dictum,</span> <span class='ocrx_word' id='word_1_140' title='bbox 708 2263 770 2327; x_wconf 92' lang='lat' dir='ltr'>quo</span> <span class='ocrx_word' id='word_1_141' title='bbox 794 2240 902 2304; x_wconf 89' lang='lat' dir='ltr'>Plinio</span> <span class='ocrx_word' id='word_1_142' title='bbox 926 2239 946 2304; x_wconf 93' lang='lat' dir='ltr'>l.</span> <span class='ocrx_word' id='word_1_143' title='bbox 962 2240 982 2305; x_wconf 93' lang='lat' dir='ltr'>l.</span> <span class='ocrx_word' id='word_1_144' title='bbox 1006 2241 1177 2326; x_wconf 69' lang='lat' dir='ltr'>,odorifera</span> <span class='ocrx_word' id='word_1_145' title='bbox 1198 2239 1339 2322; x_wconf 86' lang='lat' dir='ltr'>Arabia&#39;,</span> <span class='ocrx_word' id='word_1_146' title='bbox 1362 2238 1422 2305; x_wconf 86' lang='lat' dir='ltr'>Ov.</span> <span class='ocrx_word' id='word_1_147' title='bbox 1446 2261 1509 2303; x_wconf 89' lang='lat' dir='ltr'>am.</span> 
     </span>
     <span class='ocr_line' id='line_1_17' title="bbox 287 2344 1511 2434; baseline 0.001 -25"><span class='ocrx_word' id='word_1_148' title='bbox 287 2344 334 2424; x_wconf 92' lang='grc' dir='ltr'>Π,</span> <span class='ocrx_word' id='word_1_149' title='bbox 359 2347 412 2429; x_wconf 89' lang='grc'><strong>13,</strong></span> <span class='ocrx_word' id='word_1_150' title='bbox 430 2347 449 2412; x_wconf 90' lang='grc'>8</span> <span class='ocrx_word' id='word_1_151' title='bbox 467 2346 744 2434; x_wconf 71' lang='lat' dir='ltr'>,palmiferamque</span> <span class='ocrx_word' id='word_1_152' title='bbox 760 2346 913 2428; x_wconf 80' lang='lat' dir='ltr'>Pharon&#39;3</span> <span class='ocrx_word' id='word_1_153' title='bbox 935 2346 991 2411; x_wconf 88' lang='lat' dir='ltr'>Sil.</span> <span class='ocrx_word' id='word_1_154' title='bbox 1006 2347 1069 2429; x_wconf 89' lang='lat' dir='ltr'>HI,</span> <span class='ocrx_word' id='word_1_155' title='bbox 1087 2347 1150 2412; x_wconf 88' lang='grc'>608</span> <span class='ocrx_word' id='word_1_156' title='bbox 1169 2345 1511 2433; x_wconf 64' lang='grc' dir='ltr'>ι111111111611611111111.</span> 
     </span>
     <span class='ocr_line' id='line_1_18' title="bbox 287 2453 1510 2540; baseline -0.002 -22"><span class='ocrx_word' id='word_1_157' title='bbox 287 2454 458 2518; x_wconf 86' lang='lat' dir='ltr'>Translate</span> <span class='ocrx_word' id='word_1_158' title='bbox 486 2478 584 2519; x_wconf 87' lang='lat' dir='ltr'>sensu</span> <span class='ocrx_word' id='word_1_159' title='bbox 612 2454 653 2519; x_wconf 89' lang='grc'>(16</span> <span class='ocrx_word' id='word_1_160' title='bbox 681 2456 815 2519; x_wconf 89' lang='lat' dir='ltr'>victoris</span> <span class='ocrx_word' id='word_1_161' title='bbox 842 2454 952 2540; x_wconf 88' lang='lat' dir='ltr'>palma</span> <span class='ocrx_word' id='word_1_162' title='bbox 973 2453 1106 2519; x_wconf 85' lang='lat' dir='ltr'>Anthol.</span> <span class='ocrx_word' id='word_1_163' title='bbox 1129 2453 1199 2518; x_wconf 87' lang='lat' dir='ltr'>Lat.</span> <span class='ocrx_word' id='word_1_164' title='bbox 1222 2453 1268 2538; x_wconf 90' lang='lat' dir='ltr'>H,</span> <span class='ocrx_word' id='word_1_165' title='bbox 1297 2453 1510 2540; x_wconf 48' lang='grc'><strong>5971111111-</strong></span> 
     </span>
     <span class='ocr_line' id='line_1_19' title="bbox 287 2558 1506 2647; baseline 0.001 -25"><span class='ocrx_word' id='word_1_166' title='bbox 287 2559 366 2624; x_wconf 85' lang='lat' dir='ltr'>feris</span> <span class='ocrx_word' id='word_1_167' title='bbox 383 2595 422 2608; x_wconf 93' lang='lat'><em>-</em></span> <span class='ocrx_word' id='word_1_168' title='bbox 440 2560 618 2647; x_wconf 85' lang='lat' dir='ltr'>quadrigis’</span> <span class='ocrx_word' id='word_1_169' title='bbox 642 2571 675 2626; x_wconf 88' lang='lat' dir='ltr'>et</span> <span class='ocrx_word' id='word_1_170' title='bbox 689 2561 813 2626; x_wconf 81' lang='lat' dir='ltr'>Victor.</span> <span class='ocrx_word' id='word_1_171' title='bbox 828 2560 895 2625; x_wconf 90' lang='lat' dir='ltr'>Vit.</span> <span class='ocrx_word' id='word_1_172' title='bbox 915 2584 1000 2647; x_wconf 87' lang='lat' dir='ltr'>pers.</span> <span class='ocrx_word' id='word_1_173' title='bbox 1018 2560 1124 2625; x_wconf 86' lang='lat' dir='ltr'>Vand.</span> <span class='ocrx_word' id='word_1_174' title='bbox 1147 2559 1176 2644; x_wconf 86' lang='lat'>3,</span> <span class='ocrx_word' id='word_1_175' title='bbox 1201 2559 1251 2626; x_wconf 82' lang='lat'>24</span> <span class='ocrx_word' id='word_1_176' title='bbox 1270 2593 1309 2605; x_wconf 92' lang='lat'><em>-</em></span> <span class='ocrx_word' id='word_1_177' title='bbox 1328 2558 1506 2646; x_wconf 71' lang='lat' dir='ltr'>,palmiger&#39;</span> 
     </span>
     <span class='ocr_line' id='line_1_20' title="bbox 287 2665 1504 2752; baseline -0.002 -21"><span class='ocrx_word' id='word_1_178' title='bbox 287 2666 387 2732; x_wconf 85' lang='lat' dir='ltr'>habet</span> <span class='ocrx_word' id='word_1_179' title='bbox 408 2667 493 2732; x_wconf 92' lang='lat' dir='ltr'>Plin.</span> <span class='ocrx_word' id='word_1_180' title='bbox 521 2692 552 2733; x_wconf 93' lang='lat' dir='ltr'>n.</span> <span class='ocrx_word' id='word_1_181' title='bbox 580 2669 611 2733; x_wconf 94' lang='grc'>11.</span> <span class='ocrx_word' id='word_1_182' title='bbox 635 2669 690 2752; x_wconf 88' lang='grc'>35,</span> <span class='ocrx_word' id='word_1_183' title='bbox 718 2670 740 2734; x_wconf 88' lang='grc'>4</span> <span class='ocrx_word' id='word_1_184' title='bbox 768 2669 848 2752; x_wconf 88' lang='grc'><strong>(10),</strong></span> <span class='ocrx_word' id='word_1_185' title='bbox 878 2667 930 2733; x_wconf 86' lang='grc'>27.</span> <span class='ocrx_word' id='word_1_186' title='bbox 958 2669 1107 2732; x_wconf 80' lang='lat' dir='ltr'>Invicem</span> <span class='ocrx_word' id='word_1_187' title='bbox 1132 2665 1284 2751; x_wconf 65' lang='lat' dir='ltr'>,laurifer&#39;</span> <span class='ocrx_word' id='word_1_188' title='bbox 1308 2666 1394 2733; x_wconf 92' lang='lat' dir='ltr'>Plin.</span> <span class='ocrx_word' id='word_1_189' title='bbox 1418 2690 1449 2730; x_wconf 94' lang='lat' dir='ltr'>n.</span> <span class='ocrx_word' id='word_1_190' title='bbox 1473 2665 1504 2728; x_wconf 93' lang='lat' dir='ltr'>h.</span> 
     </span>
     <span class='ocr_line' id='line_1_21' title="bbox 287 2772 1505 2860; baseline -0.001 -22"><span class='ocrx_word' id='word_1_191' title='bbox 287 2773 360 2858; x_wconf 92' lang='lat' dir='ltr'>XV,</span> <span class='ocrx_word' id='word_1_192' title='bbox 384 2774 440 2857; x_wconf 77' lang='lat'>30&#39;,</span> <span class='ocrx_word' id='word_1_193' title='bbox 464 2775 544 2858; x_wconf 90' lang='grc'><strong>(40),</strong></span> <span class='ocrx_word' id='word_1_194' title='bbox 570 2775 646 2860; x_wconf 88' lang='grc'><strong>134,</strong></span> <span class='ocrx_word' id='word_1_195' title='bbox 669 2775 793 2840; x_wconf 87' lang='lat' dir='ltr'>Lucan.</span> <span class='ocrx_word' id='word_1_196' title='bbox 816 2774 850 2859; x_wconf 83' lang='lat'>5,</span> <span class='ocrx_word' id='word_1_197' title='bbox 874 2775 938 2840; x_wconf 89' lang='grc'>332</span> <span class='ocrx_word' id='word_1_198' title='bbox 963 2783 995 2839; x_wconf 88' lang='lat' dir='ltr'>et</span> <span class='ocrx_word' id='word_1_199' title='bbox 1023 2773 1056 2857; x_wconf 87' lang='lat'>8,</span> <span class='ocrx_word' id='word_1_200' title='bbox 1084 2773 1126 2839; x_wconf 89' lang='grc'><strong>25</strong></span> <span class='ocrx_word' id='word_1_201' title='bbox 1153 2773 1247 2839; x_wconf 90' lang='lat' dir='ltr'>nobis</span> <span class='ocrx_word' id='word_1_202' title='bbox 1269 2772 1425 2839; x_wconf 84' lang='lat' dir='ltr'>traditum</span> <span class='ocrx_word' id='word_1_203' title='bbox 1450 2782 1505 2856; x_wconf 86' lang='lat' dir='ltr'>est,</span> 
     </span>
    </p>
   </div>
   <div class='ocr_carea' id='block_1_10' title="bbox 287 2919 991 3014">
    <p class='ocr_par' dir='ltr' id='par_1_10' title="bbox 287 2919 991 3014">
     <span class='ocr_line' id='line_1_22' title="bbox 287 2919 991 3014; baseline -0.004 -22"><span class='ocrx_word' id='word_1_204' title='bbox 287 2919 460 3012; x_wconf 74' lang='lat' dir='ltr'>lauriger</span> <span class='ocrx_word' id='word_1_205' title='bbox 481 2927 605 3012; x_wconf 89' lang='lat' dir='ltr'>primus</span> <span class='ocrx_word' id='word_1_206' title='bbox 628 2926 816 3014; x_wconf 87' lang='lat' dir='ltr'>Propertius</span> <span class='ocrx_word' id='word_1_207' title='bbox 839 2935 991 2990; x_wconf 87' lang='lat' dir='ltr'>testatur:</span> 
     </span>
    </p>
   </div>
   <div class='ocr_carea' id='block_1_11' title="bbox 403 3054 1397 3144">
    <p class='ocr_par' dir='ltr' id='par_1_11' title="bbox 403 3054 1397 3144">
     <span class='ocr_line' id='line_1_23' title="bbox 403 3054 1397 3144; baseline -0.003 -20"><span class='ocrx_word' id='word_1_208' title='bbox 403 3058 459 3142; x_wconf 88' lang='lat' dir='ltr'>IV,</span> <span class='ocrx_word' id='word_1_209' title='bbox 485 3060 534 3143; x_wconf 94' lang='grc'>12,</span> <span class='ocrx_word' id='word_1_210' title='bbox 558 3058 601 3124; x_wconf 89' lang='grc'><strong>53</strong></span> <span class='ocrx_word' id='word_1_211' title='bbox 626 3058 678 3144; x_wconf 75' lang='lat' dir='ltr'>,At</span> <span class='ocrx_word' id='word_1_212' title='bbox 701 3082 792 3126; x_wconf 90' lang='lat' dir='ltr'>mons</span> <span class='ocrx_word' id='word_1_213' title='bbox 816 3059 980 3144; x_wconf 83' lang='lat' dir='ltr'>laurigero</span> <span class='ocrx_word' id='word_1_214' title='bbox 1004 3079 1177 3123; x_wconf 88' lang='lat' dir='ltr'>concussus</span> <span class='ocrx_word' id='word_1_215' title='bbox 1200 3059 1334 3123; x_wconf 88' lang='lat' dir='ltr'>vertice.</span> <span class='ocrx_word' id='word_1_216' title='bbox 1349 3104 1357 3120; x_wconf 90' lang='lat'><strong>.</strong></span> <span class='ocrx_word' id='word_1_217' title='bbox 1372 3054 1397 3139; x_wconf 90' lang='lat'>.&#39;,</span> 
     </span>
    </p>
   </div>
   <div class='ocr_carea' id='block_1_12' title="bbox 283 3189 1503 3386">
    <p class='ocr_par' dir='ltr' id='par_1_12' title="bbox 283 3189 1503 3386">
     <span class='ocr_line' id='line_1_24' title="bbox 285 3189 1503 3278; baseline -0.002 -21"><span class='ocrx_word' id='word_1_218' title='bbox 285 3213 314 3278; x_wconf 92' lang='lat' dir='ltr'>q.</span> <span class='ocrx_word' id='word_1_219' title='bbox 343 3215 370 3257; x_wconf 92' lang='grc'>1.</span> <span class='ocrx_word' id='word_1_220' title='bbox 398 3192 488 3257; x_wconf 88' lang='lat' dir='ltr'>lauro</span> <span class='ocrx_word' id='word_1_221' title='bbox 517 3195 642 3258; x_wconf 90' lang='lat' dir='ltr'>insitus.</span> <span class='ocrx_word' id='word_1_222' title='bbox 670 3192 720 3257; x_wconf 84' lang='lat' dir='ltr'>Ea</span> <span class='ocrx_word' id='word_1_223' title='bbox 748 3192 881 3278; x_wconf 90' lang='lat' dir='ltr'>quidem</span> <span class='ocrx_word' id='word_1_224' title='bbox 909 3191 1149 3277; x_wconf 83' lang='lat' dir='ltr'>significatione</span> <span class='ocrx_word' id='word_1_225' title='bbox 1178 3191 1239 3255; x_wconf 92' lang='lat' dir='ltr'>hoc</span> <span class='ocrx_word' id='word_1_226' title='bbox 1266 3190 1333 3254; x_wconf 90' lang='lat' dir='ltr'>solo</span> <span class='ocrx_word' id='word_1_227' title='bbox 1355 3190 1426 3254; x_wconf 93' lang='lat' dir='ltr'>loco</span> <span class='ocrx_word' id='word_1_228' title='bbox 1450 3189 1503 3254; x_wconf 92' lang='grc'><strong>(11-</strong></span> 
     </span>
     <span class='ocr_line' id='line_1_25' title="bbox 283 3279 1502 3386; baseline -0.001 -24"><span class='ocrx_word' id='word_1_229' title='bbox 283 3299 458 3384; x_wconf 89' lang='lat' dir='ltr'>prehendi,</span> <span class='ocrx_word' id='word_1_230' title='bbox 484 3301 595 3386; x_wconf 76' lang='grc' dir='ltr'>ί111111,</span> <span class='ocrx_word' id='word_1_231' title='bbox 623 3301 782 3364; x_wconf 82' lang='lat' dir='ltr'>victoriae</span> <span class='ocrx_word' id='word_1_232' title='bbox 807 3301 944 3384; x_wconf 83' lang='lat' dir='ltr'>insigni,</span> <span class='ocrx_word' id='word_1_233' title='bbox 961 3296 1101 3363; x_wconf 87' lang='lat' dir='ltr'>ornatus&#39;</span> <span class='ocrx_word' id='word_1_234' title='bbox 1122 3297 1277 3363; x_wconf 89' lang='lat' dir='ltr'>translato</span> <span class='ocrx_word' id='word_1_235' title='bbox 1300 3319 1398 3362; x_wconf 89' lang='lat' dir='ltr'>sensu</span> <span class='ocrx_word' id='word_1_236' title='bbox 1414 3279 1502 3361; x_wconf 82' lang='lat' dir='ltr'>idcln</span> 
     </span>
    </p>
   </div>
   <div class='ocr_carea' id='block_1_13' title="bbox 282 3397 1329 3626">
    <p class='ocr_par' dir='ltr' id='par_1_13' title="bbox 282 3397 1329 3626">
     <span class='ocr_line' id='line_1_26' title="bbox 282 3397 871 3494; baseline 0.002 -24"><span class='ocrx_word' id='word_1_237' title='bbox 282 3405 483 3474; x_wconf 84' lang='lat' dir='ltr'>adiectivum</span> <span class='ocrx_word' id='word_1_238' title='bbox 506 3397 642 3474; x_wconf 86' lang='lat' dir='ltr'>adhibet</span> <span class='ocrx_word' id='word_1_239' title='bbox 663 3408 871 3494; x_wconf 86' lang='lat' dir='ltr'>Propertius:</span> 
     </span>
     <span class='ocr_line' id='line_1_27' title="bbox 442 3537 1329 3626; baseline -0.003 -21"><span class='ocrx_word' id='word_1_240' title='bbox 442 3541 480 3624; x_wconf 96' lang='lat' dir='ltr'>V,</span> <span class='ocrx_word' id='word_1_241' title='bbox 505 3542 538 3623; x_wconf 88' lang='lat'>6,</span> <span class='ocrx_word' id='word_1_242' title='bbox 561 3537 605 3606; x_wconf 85' lang='lat'>54</span> <span class='ocrx_word' id='word_1_243' title='bbox 628 3541 765 3626; x_wconf 72' lang='lat' dir='ltr'>,Ducam</span> <span class='ocrx_word' id='word_1_244' title='bbox 789 3539 956 3625; x_wconf 83' lang='lat' dir='ltr'>laurigera</span> <span class='ocrx_word' id='word_1_245' title='bbox 978 3539 1064 3605; x_wconf 85' lang='lat' dir='ltr'>Iulia</span> <span class='ocrx_word' id='word_1_246' title='bbox 1086 3548 1190 3604; x_wconf 82' lang='lat' dir='ltr'>rostra</span> <span class='ocrx_word' id='word_1_247' title='bbox 1213 3537 1329 3604; x_wconf 86' lang='lat' dir='ltr'>manu&#39;.</span> 
     </span>
    </p>
   </div>
   <div class='ocr_carea' id='block_1_14' title="bbox 278 3669 1501 4720">
    <p class='ocr_par' dir='ltr' id='par_1_14' title="bbox 282 3669 1501 3863">
     <span class='ocr_line' id='line_1_28' title="bbox 282 3669 1501 3760; baseline -0.003 -23"><span class='ocrx_word' id='word_1_248' title='bbox 282 3670 356 3752; x_wconf 81' lang='lat' dir='ltr'>Qua</span> <span class='ocrx_word' id='word_1_249' title='bbox 378 3674 542 3737; x_wconf 87' lang='lat' dir='ltr'>sententia</span> <span class='ocrx_word' id='word_1_250' title='bbox 565 3675 694 3760; x_wconf 86' lang='lat' dir='ltr'>saepius</span> <span class='ocrx_word' id='word_1_251' title='bbox 718 3676 861 3739; x_wconf 87' lang='lat' dir='ltr'>occurrit</span> <span class='ocrx_word' id='word_1_252' title='bbox 885 3696 924 3738; x_wconf 91' lang='lat' dir='ltr'>ea</span> <span class='ocrx_word' id='word_1_253' title='bbox 946 3694 1027 3737; x_wconf 85' lang='lat' dir='ltr'>vox:</span> <span class='ocrx_word' id='word_1_254' title='bbox 1054 3670 1113 3737; x_wconf 82' lang='grc'>01.</span> <span class='ocrx_word' id='word_1_255' title='bbox 1136 3695 1164 3736; x_wconf 90' lang='grc'>1.</span> <span class='ocrx_word' id='word_1_256' title='bbox 1187 3694 1215 3736; x_wconf 92' lang='grc'>1.</span> <span class='ocrx_word' id='word_1_257' title='bbox 1238 3673 1271 3756; x_wconf 86' lang='grc'>3,</span> <span class='ocrx_word' id='word_1_258' title='bbox 1301 3670 1379 3756; x_wconf 89' lang='grc'><strong>389,</strong></span> <span class='ocrx_word' id='word_1_259' title='bbox 1407 3669 1501 3734; x_wconf 87' lang='lat' dir='ltr'>Mart.</span> 
     </span>
     <span class='ocr_line' id='line_1_29' title="bbox 283 3777 932 3863; baseline -0.003 -19"><span class='ocrx_word' id='word_1_260' title='bbox 283 3779 330 3862; x_wconf 91' lang='lat' dir='ltr'>X,</span> <span class='ocrx_word' id='word_1_261' title='bbox 356 3779 409 3860; x_wconf 89' lang='lat'>10,</span> <span class='ocrx_word' id='word_1_262' title='bbox 435 3781 472 3860; x_wconf 78' lang='lat'>13</span> <span class='ocrx_word' id='word_1_263' title='bbox 495 3778 573 3861; x_wconf 88' lang='lat' dir='ltr'>VII,</span> <span class='ocrx_word' id='word_1_264' title='bbox 599 3779 630 3863; x_wconf 90' lang='grc'>6,</span> <span class='ocrx_word' id='word_1_265' title='bbox 656 3781 693 3861; x_wconf 75' lang='lat'>63</span> <span class='ocrx_word' id='word_1_266' title='bbox 718 3778 774 3844; x_wconf 86' lang='lat' dir='ltr'>Sil.</span> <span class='ocrx_word' id='word_1_267' title='bbox 798 3777 834 3862; x_wconf 92' lang='grc'><strong>5,</strong></span> <span class='ocrx_word' id='word_1_268' title='bbox 857 3779 932 3844; x_wconf 93' lang='grc'><strong>412.</strong></span> 
     </span>
    </p>

    <p class='ocr_par' dir='ltr' id='par_1_15' title="bbox 278 3884 1501 4720">
     <span class='ocr_line' id='line_1_30' title="bbox 361 3884 1501 3975; baseline 0.003 -28"><span class='ocrx_word' id='word_1_269' title='bbox 361 3933 364 3939; x_wconf 85' lang='grc'>.</span> <span class='ocrx_word' id='word_1_270' title='bbox 389 3884 482 3949; x_wconf 86' lang='lat' dir='ltr'>Haeo</span> <span class='ocrx_word' id='word_1_271' title='bbox 505 3887 617 3971; x_wconf 88' lang='lat' dir='ltr'>igitur,</span> <span class='ocrx_word' id='word_1_272' title='bbox 639 3911 721 3975; x_wconf 86' lang='lat' dir='ltr'>quae</span> <span class='ocrx_word' id='word_1_273' title='bbox 747 3888 946 3969; x_wconf 88' lang='lat' dir='ltr'>enumeravi,</span> <span class='ocrx_word' id='word_1_274' title='bbox 969 3887 1094 3972; x_wconf 87' lang='lat' dir='ltr'>primus</span> <span class='ocrx_word' id='word_1_275' title='bbox 1117 3885 1211 3950; x_wconf 89' lang='lat' dir='ltr'>nobis</span> <span class='ocrx_word' id='word_1_276' title='bbox 1230 3886 1418 3972; x_wconf 86' lang='lat' dir='ltr'>Propertius</span> <span class='ocrx_word' id='word_1_277' title='bbox 1441 3894 1501 3950; x_wconf 87' lang='lat' dir='ltr'>tes-</span> 
     </span>
     <span class='ocr_line' id='line_1_31' title="bbox 280 3991 1501 4080; baseline 0.001 -25"><span class='ocrx_word' id='word_1_278' title='bbox 280 4000 386 4072; x_wconf 80' lang='lat' dir='ltr'>tatur3</span> <span class='ocrx_word' id='word_1_279' title='bbox 410 3994 557 4077; x_wconf 85' lang='lat' dir='ltr'>quamvis</span> <span class='ocrx_word' id='word_1_280' title='bbox 581 4005 689 4060; x_wconf 88' lang='lat' dir='ltr'>autem</span> <span class='ocrx_word' id='word_1_281' title='bbox 713 4016 779 4058; x_wconf 90' lang='lat' dir='ltr'>non</span> <span class='ocrx_word' id='word_1_282' title='bbox 803 3995 947 4076; x_wconf 80' lang='lat' dir='ltr'>credam,</span> <span class='ocrx_word' id='word_1_283' title='bbox 971 3995 1114 4080; x_wconf 89' lang='lat' dir='ltr'>primum</span> <span class='ocrx_word' id='word_1_284' title='bbox 1137 4015 1176 4058; x_wconf 90' lang='lat' dir='ltr'>ea</span> <span class='ocrx_word' id='word_1_285' title='bbox 1195 3991 1348 4057; x_wconf 85' lang='lat' dir='ltr'>formasse</span> <span class='ocrx_word' id='word_1_286' title='bbox 1366 3991 1501 4078; x_wconf 87' lang='lat' dir='ltr'>Proper·</span> 
     </span>
     <span class='ocr_line' id='line_1_32' title="bbox 278 4097 1501 4184; baseline -0.001 -22"><span class='ocrx_word' id='word_1_287' title='bbox 278 4099 375 4180; x_wconf 92' lang='lat' dir='ltr'>tium,</span> <span class='ocrx_word' id='word_1_288' title='bbox 399 4106 523 4162; x_wconf 89' lang='lat' dir='ltr'>ceteros</span> <span class='ocrx_word' id='word_1_289' title='bbox 539 4097 634 4164; x_wconf 91' lang='lat' dir='ltr'>illum</span> <span class='ocrx_word' id='word_1_290' title='bbox 650 4102 791 4165; x_wconf 88' lang='lat' dir='ltr'>imitatos</span> <span class='ocrx_word' id='word_1_291' title='bbox 808 4123 890 4182; x_wconf 90' lang='lat' dir='ltr'>esse,</span> <span class='ocrx_word' id='word_1_292' title='bbox 914 4098 1003 4163; x_wconf 85' lang='lat' dir='ltr'>haud</span> <span class='ocrx_word' id='word_1_293' title='bbox 1026 4099 1134 4163; x_wconf 89' lang='lat' dir='ltr'>minus</span> <span class='ocrx_word' id='word_1_294' title='bbox 1150 4100 1354 4184; x_wconf 86' lang='lat' dir='ltr'>negaverim,</span> <span class='ocrx_word' id='word_1_295' title='bbox 1379 4120 1420 4162; x_wconf 87' lang='lat' dir='ltr'>ex</span> <span class='ocrx_word' id='word_1_296' title='bbox 1443 4119 1501 4163; x_wconf 90' lang='lat' dir='ltr'>sua</span> 
     </span>
     <span class='ocr_line' id='line_1_33' title="bbox 279 4205 1500 4292; baseline -0.001 -24"><span class='ocrx_word' id='word_1_297' title='bbox 279 4206 381 4290; x_wconf 90' lang='lat' dir='ltr'>ipsius</span> <span class='ocrx_word' id='word_1_298' title='bbox 404 4207 506 4269; x_wconf 89' lang='lat' dir='ltr'>animi</span> <span class='ocrx_word' id='word_1_299' title='bbox 528 4207 563 4269; x_wconf 88' lang='lat' dir='ltr'>vi</span> <span class='ocrx_word' id='word_1_300' title='bbox 581 4229 620 4271; x_wconf 89' lang='lat' dir='ltr'>ea</span> <span class='ocrx_word' id='word_1_301' title='bbox 636 4208 841 4292; x_wconf 90' lang='lat' dir='ltr'>conposuisse</span> <span class='ocrx_word' id='word_1_302' title='bbox 857 4215 1002 4291; x_wconf 72' lang='lat' dir='ltr'>poetam,</span> <span class='ocrx_word' id='word_1_303' title='bbox 1026 4226 1133 4291; x_wconf 89' lang='lat' dir='ltr'>neque</span> <span class='ocrx_word' id='word_1_304' title='bbox 1154 4225 1347 4291; x_wconf 87' lang='lat' dir='ltr'>quemquam</span> <span class='ocrx_word' id='word_1_305' title='bbox 1368 4205 1500 4268; x_wconf 91' lang='lat' dir='ltr'>omnino</span> 
     </span>
     <span class='ocr_line' id='line_1_34' title="bbox 282 4309 1499 4399; baseline -0.001 -24"><span class='ocrx_word' id='word_1_306' title='bbox 282 4333 370 4375; x_wconf 90' lang='lat' dir='ltr'>nunc</span> <span class='ocrx_word' id='word_1_307' title='bbox 402 4334 474 4376; x_wconf 87' lang='lat' dir='ltr'>eam</span> <span class='ocrx_word' id='word_1_308' title='bbox 506 4334 576 4377; x_wconf 88' lang='lat' dir='ltr'>rem</span> <span class='ocrx_word' id='word_1_309' title='bbox 608 4313 796 4378; x_wconf 89' lang='lat' dir='ltr'>discernere</span> <span class='ocrx_word' id='word_1_310' title='bbox 828 4333 921 4399; x_wconf 87' lang='lat' dir='ltr'>posse</span> <span class='ocrx_word' id='word_1_311' title='bbox 954 4311 994 4376; x_wconf 91' lang='lat' dir='ltr'>ob</span> <span class='ocrx_word' id='word_1_312' title='bbox 1029 4311 1159 4398; x_wconf 86' lang='lat' dir='ltr'>perdita</span> <span class='ocrx_word' id='word_1_313' title='bbox 1192 4312 1313 4396; x_wconf 88' lang='lat' dir='ltr'>scripta</span> <span class='ocrx_word' id='word_1_314' title='bbox 1345 4309 1499 4395; x_wconf 87' lang='lat' dir='ltr'>plurima,</span> 
     </span>
     <span class='ocr_line' id='line_1_35' title="bbox 281 4416 1498 4506; baseline 0 -24"><span class='ocrx_word' id='word_1_315' title='bbox 281 4426 413 4482; x_wconf 84' lang='lat' dir='ltr'>constat.</span> <span class='ocrx_word' id='word_1_316' title='bbox 445 4416 510 4483; x_wconf 86' lang='lat' dir='ltr'>Sed</span> <span class='ocrx_word' id='word_1_317' title='bbox 541 4443 615 4485; x_wconf 92' lang='lat' dir='ltr'>cum</span> <span class='ocrx_word' id='word_1_318' title='bbox 643 4419 684 4484; x_wconf 89' lang='grc'>(11</span> <span class='ocrx_word' id='word_1_319' title='bbox 709 4421 767 4503; x_wconf 91' lang='lat' dir='ltr'>eis,</span> <span class='ocrx_word' id='word_1_320' title='bbox 796 4440 878 4506; x_wconf 89' lang='lat' dir='ltr'>quae</span> <span class='ocrx_word' id='word_1_321' title='bbox 902 4418 1071 4502; x_wconf 90' lang='lat' dir='ltr'>habemus,</span> <span class='ocrx_word' id='word_1_322' title='bbox 1096 4417 1190 4483; x_wconf 92' lang='lat' dir='ltr'>nobis</span> <span class='ocrx_word' id='word_1_323' title='bbox 1213 4416 1426 4483; x_wconf 88' lang='lat' dir='ltr'>iudicandum</span> <span class='ocrx_word' id='word_1_324' title='bbox 1449 4419 1498 4502; x_wconf 84' lang='lat' dir='ltr'>sit,</span> 
     </span>
     <span class='ocr_line' id='line_1_36' title="bbox 281 4523 1499 4611; baseline 0 -22"><span class='ocrx_word' id='word_1_325' title='bbox 281 4523 383 4590; x_wconf 85' lang='lat' dir='ltr'>haece</span> <span class='ocrx_word' id='word_1_326' title='bbox 406 4525 487 4590; x_wconf 90' lang='lat' dir='ltr'>mihi</span> <span class='ocrx_word' id='word_1_327' title='bbox 512 4526 643 4592; x_wconf 88' lang='lat' dir='ltr'>videtur</span> <span class='ocrx_word' id='word_1_328' title='bbox 670 4524 860 4590; x_wconf 85' lang='lat' dir='ltr'>verisimilis</span> <span class='ocrx_word' id='word_1_329' title='bbox 883 4524 998 4591; x_wconf 86' lang='lat' dir='ltr'>saltem</span> <span class='ocrx_word' id='word_1_330' title='bbox 1021 4525 1209 4611; x_wconf 87' lang='lat' dir='ltr'>explicatio,</span> <span class='ocrx_word' id='word_1_331' title='bbox 1239 4523 1403 4588; x_wconf 86' lang='lat' dir='ltr'>adieetiva</span> <span class='ocrx_word' id='word_1_332' title='bbox 1426 4546 1499 4589; x_wconf 93' lang='lat' dir='ltr'>con·</span> 
     </span>
     <span class='ocr_line' id='line_1_37' title="bbox 280 4631 1497 4720; baseline 0.001 -23"><span class='ocrx_word' id='word_1_333' title='bbox 280 4635 384 4720; x_wconf 83' lang='lat' dir='ltr'>posita</span> <span class='ocrx_word' id='word_1_334' title='bbox 406 4655 484 4716; x_wconf 92' lang='lat' dir='ltr'>non,</span> <span class='ocrx_word' id='word_1_335' title='bbox 513 4643 548 4698; x_wconf 89' lang='lat' dir='ltr'>ut</span> <span class='ocrx_word' id='word_1_336' title='bbox 571 4635 607 4697; x_wconf 92' lang='lat' dir='ltr'>in</span> <span class='ocrx_word' id='word_1_337' title='bbox 630 4632 704 4698; x_wconf 83' lang='lat' dir='ltr'>aliis</span> <span class='ocrx_word' id='word_1_338' title='bbox 728 4633 777 4715; x_wconf 90' lang='lat' dir='ltr'>fit,</span> <span class='ocrx_word' id='word_1_339' title='bbox 806 4655 825 4696; x_wconf 93' lang='grc'>1</span> <span class='ocrx_word' id='word_1_340' title='bbox 847 4632 1010 4718; x_wconf 87' lang='lat' dir='ltr'>prioribus</span> <span class='ocrx_word' id='word_1_341' title='bbox 1032 4631 1086 4696; x_wconf 90' lang='lat' dir='ltr'>vel</span> <span class='ocrx_word' id='word_1_342' title='bbox 1111 4654 1128 4695; x_wconf 92' lang='grc'><strong>6</strong></span> <span class='ocrx_word' id='word_1_343' title='bbox 1152 4653 1300 4696; x_wconf 88' lang='lat' dir='ltr'>sermone</span> <span class='ocrx_word' id='word_1_344' title='bbox 1324 4634 1497 4717; x_wconf 88' lang='lat' dir='ltr'>sumpsisse</span> 
     </span>
    </p>
   </div>
   <div class='ocr_carea' id='block_1_15' title="bbox 0 0 1668 5390">
    <p class='ocr_par' dir='ltr' id='par_1_16' title="bbox 0 0 1668 5390">
     <span class='ocr_line' id='line_1_38' title="bbox 0 0 1668 5390; baseline 0 3"><span class='ocrx_word' id='word_1_345' title='bbox 0 0 1668 5390; x_wconf 95' lang='lat' dir='ltr'> </span> 
     </span>
    </p>
   </div>
  </div>
 </body>
</html>
