3326 5390
138 542 259 612 (laton.
283 549 322 614 R.
345 551 382 614 R„
405 549 457 634 50,
480 549 515 633 2,
538 549 643 616 Plaut
666 551 762 616 Γ1166.
781 551 854 634 916,
876 550 1013 616 Varron.
1035 550 1074 615 R.
1095 550 1133 615 R.
1156 551 1187 633 3,
1211 550 1261 614 14.
1282 548 1357 612 Pro-

136 655 271 737 pertius
294 657 454 743 singulari
482 658 622 725 notionis
649 659 683 723 vi
706 656 857 724 adhibuit
883 678 942 744 pro
965 657 1105 742 mutari,
1131 658 1295 744 rigescere
1324 656 1359 718 in

137 759 317 848 lapidem':

162 893 230 977 HI,
257 895 315 979 20,
340 894 381 961 13
403 894 575 983 ,Gorgonis
599 904 632 962 et
654 897 754 962 satius
776 876 839 962 fuit
861 895 1121 963 obdurescere
1143 891 1271 960 vultul’

138 1027 181 1092 ef.
205 1027 257 1110 H,
283 1027 316 1112 9,
338 1029 381 1094 48
406 1029 476 1116 ,1110
498 1031 551 1094 vir
573 1030 609 1093 in
632 1027 740 1094 medio
762 1029 819 1094 fiat
841 1049 950 1095 amore
973 1025 1075 1115 lapis?

138 1181 344 1274 secubare,
367 1186 453 1274 quod
474 1189 605 1275 proprie
629 1197 678 1254 est
701 1208 852 1274 ,seorsum
875 1185 1014 1271 cubare',
1031 1187 1218 1274 saepissime
1237 1185 1361 1250 dietum

140 1302 191 1358 est
215 1291 261 1358 de
286 1292 422 1378 femina,
445 1316 528 1382 quae
550 1292 619 1361 sola
640 1295 791 1377 domist,
814 1315 1048 1382 nonnunquam
1071 1313 1196 1380 quoque
1216 1289 1258 1357 de
1280 1293 1361 1357 viro.

139 1397 369 1485 Singulariter
396 1422 468 1466 eam
496 1422 610 1467 vocem
638 1402 746 1488 posuit
773 1400 961 1487 Propertius
990 1421 1048 1488 pro
1080 1420 1231 1486 seorsum
1260 1399 1361 1463 vitam

140 1504 298 1593 degere’:

252 1639 318 1724 IH,
342 1639 396 1724 20,
419 1637 440 1704 5
464 1638 588 1727 ,Miles
610 1637 766 1727 depositis
789 1660 929 1706 annosus
952 1638 1113 1706 secubat
1135 1633 1252 1719 armis',

143 1772 241 1838 ouius
266 1771 331 1838 loci
354 1773 566 1860 interpretem
589 1771 690 1838 habes
708 1772 890 1856 Horatium,
912 1774 968 1860 qui
991 1773 1027 1836 in
1049 1771 1148 1837 simili
1163 1774 1363 1857 argumento,

143 1877 186 1945 de
212 1877 411 1966 gladiatorio
433 1901 511 1945 sene
534 1880 625 1945 etin
648 1901 781 1946 arenam
804 1877 1005 1944 descendere
1027 1876 1191 1944 abnuente

146 2033 197 2096 ep.
220 2010 252 2094 I,
280 2011 311 2095 1,
333 2010 357 2075 4
378 2032 424 2097 sq.
452 2070 460 2097 ,
482 2058 954 2078 ................
976 2010 1136 2077 Veianius
1158 2011 1257 2076 armis

452 2116 606 2184 Herculis
629 2118 671 2184 ad
693 2127 817 2205 postem
839 2117 916 2183 fixis
938 2117 1017 2184 latet
1039 2115 1169 2184 abditus
1191 2115 1287 2204 agro!

145 2249 278 2316 Eadem
300 2251 389 2315 notio
411 2253 553 2317 occurrit
576 2253 611 2316 in
634 2249 732 2339 Apul.
753 2258 829 2316 met
855 2251 890 2335 4,
919 2250 963 2316 20
989 2248 1153 2338 ,Omnium
1177 2271 1234 2316 ora
1257 2259 1290 2316 et
1311 2249 1365 2314 ob·

147 2365 237 2422 tutus
262 2358 298 2422 in
320 2378 386 2424 uno
408 2358 593 2445 quempiam
615 2355 736 2444 augule
758 2356 969 2423 secubantem
992 2355 1222 2424 eonfemntur!

148 2511 324 2584 conferre
354 2514 493 2581 verbum
521 2517 653 2604 propria
681 2517 813 2582 notione
841 2538 901 2603 pro
934 2524 1147 2604 comportare,
1178 2515 1365 2602 congerere'

148 2641 214 2688 uno
237 2629 365 2687 tantum
388 2621 458 2687 loco
481 2644 502 2688 a
522 2622 617 2710 Prop.
638 2620 831 2688 adhibetur:

230 2752 280 2837 H,
303 2753 337 2839 3,
361 2752 403 2820 25
427 2754 528 2842 ,Haeo
549 2755 611 2820 tibi
635 2753 843 2822 contulerunt
866 2753 1021 2821 caelestia
1041 2776 1179 2820 munera
1193 2752 1288 2820 'divi'

148 2886 332 2974 Praecipue
355 2898 465 2954 autem
487 2888 602 2955 eadem
624 2910 704 2955 voce
732 2890 835 2955 utitur
856 2911 915 2977 pro
938 2910 1124 2976 ,conparare
1147 2885 1246 2952 alicui
1269 2885 1363 2975 alqd!

148 2992 290 3077 1,4,9;
313 2990 343 3077 5,
367 2995 405 3079 73
428 2995 491 3081 HI,
514 2997 570 3079 24,
593 2997 632 3079 93
655 2995 712 3078 IV,
731 2996 784 3080 24,
807 2995 845 3079 ’ῖς
867 2995 907 3079 V,
931 2993 1054 3080 11,89.
1076 2993 1209 3060 Deinde
1232 3016 1276 3078 ,se
1291 3015 1365 3059 oon·

150 3096 248 3165 ferre'
271 3100 359 3186 apud
384 3100 464 3167 alios
490 3100 621 3187 vulgari
647 3124 709 3167 usu
735 3101 857 3168 dieitur
882 3122 941 3188 pro
968 3099 1085 3189 ,aliquo
1108 3101 1283 3188 proficisci,
1306 3097 1363 3165 ire’

152 3213 185 3270 et
216 3205 373 3272 translato
404 3229 501 3273 sensu
531 3227 589 3294 pro
621 3229 664 3294 ,66
695 3206 862 3295 adplicare
893 3206 936 3273 ad
967 3205 1062 3294 alqm.
1093 3205 1179 3290 rem’,
1211 3215 1247 3272 ut
1277 3204 1364 3293 apud

152 3307 348 3378 Ciceronem
379 3313 431 3400 ,ad
460 3312 617 3395 studium,
643 3311 687 3378 ad
712 3314 906 3395 amicitiam,
932 3313 968 3378 in
994 3310 1093 3378 fidem
1121 3319 1155 3378 et
1177 3312 1364 3380 clientelam

152 3439 187 3484 so
217 3418 375 3487 conferre'
404 3440 592 3487 remonon
619 3418 710 3505 legit
738 3419 825 3485 Mira
853 3427 962 3486 autem
988 3418 1126 3485 audacia
1151 3419 1245 3506 Prop.
1276 3419 1364 3485 idem

152 3523 321 3592 adhibuit:

279 3657 343 3743 HI,
369 3657 422 3742 19,
446 3656 488 3724 33
511 3657 596 3746 ι11611
619 3656 798 3740 nobilibus,
820 3657 888 3722 noli
912 3655 1090 3723 conferre
1113 3655 1237 3724 beatis’.

151 3789 238 3856 Nam
263 3801 435 3879 praeterea
460 3791 546 3879 quod
573 3792 794 3857 accusativum
821 3787 871 3876 ‘te’
898 3790 1007 3854 omisit
1034 3792 1111 3878 (qua
1136 3788 1178 3856 de
1209 3814 1245 3857 re
1274 3791 1364 3860 vide·

152 3896 261 3964 bimus
289 3900 388 3965 tertia
413 3897 530 3964 harum
556 3906 691 3987 quaestt.
717 3899 753 3963 in
775 3895 963 3985 particula),
990 3897 1191 3983 singularem
1218 3897 1365 3964 subdidit

153 4007 294 4073 notionis
315 4006 399 4072 vim:
425 4003 520 4071 Nihil
547 4006 636 4072 enim
658 4004 750 4070 aliud
772 4003 926 4069 hocloco
952 4023 995 4089 ,se
1019 4003 1176 4070 conferre'
1199 4005 1364 4091 significat

155 4134 194 4178 ac
220 4135 263 4202 ,se
290 4111 382 4196 dare,
409 4113 605 4198 morigeram
632 4108 710 4177 esse’
737 4130 879 4176 venereo
905 4131 1012 4175 sensu.
1039 4109 1146 4192 Quam
1167 4111 1363 4177 sententiam

155 4228 191 4286 ut
212 4220 420 4307 accipiamus,
443 4227 555 4306 aperte
576 4216 688 4284 brevis
709 4239 823 4282 versus
843 4214 1001 4303 postulat:

380 4353 456 4441 ,vix
477 4353 582 4438 venit,
605 4360 751 4418 extremo
773 4351 830 4438 qui
852 4349 942 4436 legat
963 4369 1035 4414 ossa
1056 4346 1130 4432 die’,

154 4492 209 4577 qui
241 4486 398 4577 quomodo
430 4509 504 4553 cum
536 4484 683 4573 longiore
715 4483 888 4550 cohaereat
918 4505 984 4550 non
1015 4483 1201 4570 intelleges,
1232 4483 1261 4547 oi
1289 4505 1364 4548 cum

155 4595 360 4664 Broukbusio
383 4604 416 4662 et
438 4593 478 4662 al.
506 4595 604 4661 etiam
632 4591 694 4659 hoo
723 4591 793 4658 loeo
823 4590 990 4679 ‘conferre’
1021 4589 1193 4660 subaudito
1222 4612 1265 4656 sc.
1295 4588 1363 4680 ‘me'
